timestamp,order_id,type,side,price,qty
0,1,LIMIT,BUY,99.98,87
9035,2,CANCEL,,1,
12946,3,LIMIT,BUY,99.92,54
16657,4,LIMIT,SELL,100.04,90
23681,5,LIMIT,SELL,100.03,49
25365,6,LIMIT,BUY,100.04,69
27510,7,LIMIT,SELL,100.11,47
37069,8,LIMIT,SELL,100.03,30
38823,9,LIMIT,SELL,99.99,27
43297,10,LIMIT,BUY,99.92,94
47407,11,LIMIT,SELL,100.10,29
52820,12,LIMIT,BUY,100.03,52
57306,13,LIMIT,BUY,99.94,19
61745,14,LIMIT,SELL,100.09,75
68388,15,MARKET,BUY,,64
69977,16,IOC,BUY,100.07,55
79848,17,MARKET,SELL,,71
80136,18,LIMIT,SELL,100.11,15
85044,19,LIMIT,SELL,100.10,65
88071,20,LIMIT,SELL,100.14,78
91429,21,LIMIT,SELL,100.14,1
101342,22,CANCEL,,14,
106480,23,LIMIT,SELL,100.00,63
107713,24,LIMIT,BUY,99.96,22
112155,25,LIMIT,SELL,100.09,92
117362,26,LIMIT,BUY,99.97,16
121523,27,LIMIT,SELL,100.09,1
122786,28,LIMIT,BUY,100.07,10
131309,29,LIMIT,BUY,100.09,74
139153,30,LIMIT,BUY,100.10,56
145057,31,LIMIT,SELL,100.07,8
151753,32,IOC,BUY,100.09,58
154149,33,LIMIT,BUY,99.97,71
155853,34,IOC,SELL,100.01,62
159455,35,IOC,BUY,100.07,34
167009,36,LIMIT,SELL,100.12,20
170220,37,MARKET,SELL,,70
171318,38,LIMIT,SELL,100.13,21
172349,39,LIMIT,BUY,100.00,52
174413,40,LIMIT,SELL,100.04,54
184075,41,LIMIT,BUY,99.98,31
188526,42,LIMIT,BUY,100.02,2
196134,43,LIMIT,BUY,99.95,34
198404,44,IOC,SELL,100.07,57
207404,45,LIMIT,SELL,100.05,86
216590,46,LIMIT,SELL,100.04,14
225754,47,LIMIT,BUY,99.99,65
233858,48,IOC,BUY,99.99,6
234016,49,LIMIT,SELL,100.01,71
241123,50,LIMIT,SELL,100.07,70
241813,51,LIMIT,BUY,100.06,47
242566,52,LIMIT,BUY,100.08,53
245198,53,LIMIT,BUY,100.01,53
245704,54,IOC,SELL,100.08,35
248412,55,LIMIT,SELL,100.08,26
256053,56,IOC,SELL,100.08,52
261531,57,LIMIT,SELL,100.13,52
270416,58,CANCEL,,20,
273441,59,MARKET,BUY,,77
280660,60,LIMIT,BUY,100.02,50
290206,61,CANCEL,,33,
290333,62,IOC,SELL,100.08,47
297499,63,LIMIT,SELL,100.12,65
302666,64,LIMIT,SELL,100.11,54
308977,65,IOC,SELL,100.16,1
314055,66,LIMIT,SELL,100.15,57
321399,67,LIMIT,SELL,100.10,85
322888,68,LIMIT,SELL,100.06,87
328073,69,LIMIT,BUY,99.99,79
329366,70,IOC,SELL,100.14,64
336013,71,LIMIT,BUY,100.05,100
343078,72,IOC,SELL,100.16,32
345166,73,IOC,SELL,100.17,41
352517,74,LIMIT,SELL,100.16,58
355224,75,LIMIT,BUY,100.02,99
363864,76,LIMIT,BUY,100.03,35
369466,77,LIMIT,BUY,100.04,91
373071,78,LIMIT,BUY,100.02,50
382740,79,CANCEL,,55,
390654,80,LIMIT,SELL,100.18,69
399701,81,IOC,BUY,100.03,4
406172,82,LIMIT,BUY,100.14,17
415023,83,LIMIT,BUY,100.11,60
418100,84,LIMIT,BUY,100.09,36
425106,85,LIMIT,BUY,100.10,29
426330,86,LIMIT,SELL,100.20,3
428926,87,LIMIT,BUY,100.08,90
433224,88,LIMIT,SELL,100.18,100
436007,89,LIMIT,BUY,100.09,51
439356,90,LIMIT,BUY,100.13,73
440128,91,LIMIT,BUY,100.09,2
447110,92,LIMIT,SELL,100.23,91
449716,93,LIMIT,SELL,100.24,100
457737,94,IOC,SELL,100.19,12
462406,95,LIMIT,BUY,100.08,44
462976,96,LIMIT,BUY,100.10,44
467657,97,LIMIT,BUY,100.16,11
471711,98,LIMIT,SELL,100.23,58
472093,99,LIMIT,BUY,100.05,71
480891,100,MARKET,SELL,,46
488425,101,LIMIT,BUY,100.13,96
497304,102,LIMIT,BUY,100.08,93
507063,103,LIMIT,BUY,100.14,38
510890,104,LIMIT,SELL,100.13,7
520056,105,IOC,SELL,100.15,2
529561,106,LIMIT,BUY,100.08,62
531530,107,LIMIT,BUY,100.12,20
534074,108,IOC,BUY,100.04,98
540992,109,LIMIT,BUY,100.05,57
545963,110,MARKET,BUY,,80
547049,111,LIMIT,SELL,100.17,34
548479,112,LIMIT,BUY,100.16,89
558308,113,CANCEL,,43,
563040,114,LIMIT,SELL,100.23,85
566381,115,LIMIT,SELL,100.16,10
567458,116,LIMIT,SELL,100.18,57
569595,117,LIMIT,BUY,100.04,64
576867,118,LIMIT,SELL,100.10,87
586391,119,CANCEL,,109,
590906,120,LIMIT,BUY,100.03,36
593979,121,LIMIT,SELL,100.19,45
600769,122,LIMIT,SELL,100.19,37
607430,123,LIMIT,BUY,100.05,15
614152,124,IOC,BUY,100.03,53
615140,125,LIMIT,SELL,100.12,27
619615,126,IOC,BUY,100.09,4
623635,127,LIMIT,BUY,100.07,15
631295,128,LIMIT,BUY,100.06,66
635874,129,LIMIT,BUY,100.08,50
639096,130,LIMIT,SELL,100.16,99
645994,131,LIMIT,BUY,100.16,39
655710,132,LIMIT,SELL,100.19,45
661256,133,LIMIT,BUY,100.07,90
665268,134,LIMIT,SELL,100.06,61
671614,135,LIMIT,SELL,100.19,5
673782,136,LIMIT,SELL,100.19,13
682499,137,CANCEL,,24,
689316,138,MARKET,BUY,,34
694962,139,LIMIT,BUY,100.02,49
700250,140,IOC,BUY,100.01,9
704196,141,IOC,SELL,100.18,13
705942,142,LIMIT,SELL,100.11,38
711915,143,LIMIT,SELL,100.14,22
714883,144,LIMIT,BUY,100.10,60
719144,145,LIMIT,SELL,100.19,87
728199,146,LIMIT,BUY,100.07,89
732396,147,LIMIT,SELL,100.16,31
738744,148,LIMIT,SELL,100.21,36
738976,149,LIMIT,SELL,100.10,96
747214,150,IOC,SELL,100.20,29
750429,151,LIMIT,SELL,100.17,81
752120,152,LIMIT,BUY,100.04,47
754373,153,LIMIT,BUY,100.20,47
763170,154,LIMIT,BUY,100.08,38
768819,155,LIMIT,BUY,100.12,87
775430,156,IOC,BUY,100.15,34
784321,157,LIMIT,SELL,100.23,82
790507,158,LIMIT,BUY,100.07,42
794233,159,LIMIT,BUY,100.09,15
796623,160,MARKET,BUY,,31
805530,161,LIMIT,SELL,100.23,54
815252,162,LIMIT,BUY,100.17,79
822038,163,LIMIT,SELL,100.22,31
828080,164,IOC,SELL,100.15,25
830181,165,IOC,BUY,100.07,3
831109,166,LIMIT,BUY,100.15,98
840289,167,LIMIT,SELL,100.20,77
840435,168,MARKET,SELL,,70
844641,169,LIMIT,SELL,100.15,31
854388,170,LIMIT,BUY,100.08,15
855529,171,LIMIT,SELL,100.13,29
856339,172,IOC,SELL,100.18,8
864286,173,LIMIT,BUY,100.09,10
865709,174,LIMIT,BUY,100.07,71
871136,175,LIMIT,BUY,100.10,13
873110,176,LIMIT,SELL,100.21,56
880608,177,LIMIT,SELL,100.19,41
887700,178,LIMIT,SELL,100.25,9
889294,179,LIMIT,BUY,100.14,72
890376,180,LIMIT,BUY,100.19,86
897405,181,LIMIT,SELL,100.23,14
906973,182,LIMIT,BUY,100.11,72
913095,183,LIMIT,BUY,100.08,99
922316,184,LIMIT,SELL,100.24,45
922516,185,LIMIT,SELL,100.13,82
923118,186,LIMIT,BUY,100.10,100
932517,187,IOC,BUY,100.15,87
933953,188,LIMIT,BUY,100.11,28
942447,189,LIMIT,BUY,100.08,68
947600,190,LIMIT,BUY,100.16,98
951886,191,LIMIT,BUY,100.16,49
960711,192,LIMIT,SELL,100.21,51
961504,193,LIMIT,BUY,100.12,74
968230,194,LIMIT,BUY,100.21,22
975868,195,IOC,BUY,100.15,56
985616,196,LIMIT,SELL,100.23,43
988470,197,LIMIT,SELL,100.19,31
990254,198,LIMIT,SELL,100.18,23
998449,199,LIMIT,SELL,100.26,83
1003844,200,LIMIT,BUY,100.19,81
1008905,201,LIMIT,BUY,100.19,58
1009621,202,LIMIT,SELL,100.13,65
1016020,203,LIMIT,SELL,100.25,74
1019204,204,LIMIT,BUY,100.17,44
1020685,205,LIMIT,BUY,100.09,68
1029349,206,LIMIT,SELL,100.23,87
1039244,207,LIMIT,SELL,100.23,93
1049218,208,LIMIT,SELL,100.16,40
1055739,209,LIMIT,BUY,100.12,17
1064463,210,LIMIT,BUY,100.22,44
1072530,211,MARKET,BUY,,38
1074287,212,LIMIT,SELL,100.27,99
1076534,213,LIMIT,BUY,100.11,22
1083804,214,LIMIT,SELL,100.32,30
1092653,215,MARKET,SELL,,25
1098779,216,LIMIT,BUY,100.17,65
1107520,217,LIMIT,BUY,100.19,7
1115493,218,LIMIT,BUY,100.22,37
1116967,219,LIMIT,SELL,100.21,12
1120704,220,IOC,SELL,100.31,65
1126930,221,MARKET,BUY,,4
1132251,222,IOC,SELL,100.27,5
1137051,223,LIMIT,SELL,100.32,58
1137237,224,CANCEL,,67,
1139786,225,LIMIT,SELL,100.22,31
1144820,226,LIMIT,SELL,100.26,15
1153109,227,CANCEL,,149,
1162630,228,LIMIT,BUY,100.20,74
1169555,229,LIMIT,SELL,100.33,70
1177967,230,LIMIT,BUY,100.23,82
1184405,231,LIMIT,BUY,100.18,31
1186203,232,LIMIT,BUY,100.28,44
1189171,233,LIMIT,SELL,100.27,18
1190304,234,IOC,BUY,100.20,6
1195574,235,LIMIT,SELL,100.29,5
1198805,236,IOC,BUY,100.19,16
1204934,237,LIMIT,BUY,100.18,24
1213163,238,LIMIT,SELL,100.26,94
1220218,239,LIMIT,BUY,100.16,40
1227623,240,LIMIT,SELL,100.22,94
1233499,241,LIMIT,SELL,100.22,10
1240254,242,IOC,SELL,100.24,78
1247533,243,LIMIT,BUY,100.10,5
1250146,244,IOC,BUY,100.10,18
1258920,245,LIMIT,BUY,100.19,95
1262068,246,LIMIT,SELL,100.25,91
1269479,247,LIMIT,SELL,100.24,16
1271802,248,LIMIT,SELL,100.22,88
1277138,249,LIMIT,SELL,100.25,21
1280090,250,LIMIT,BUY,100.17,31
1288284,251,IOC,SELL,100.24,9
1293451,252,LIMIT,BUY,100.15,74
1294759,253,LIMIT,BUY,100.13,45
1296961,254,LIMIT,SELL,100.21,56
1305299,255,LIMIT,BUY,100.23,21
1310685,256,LIMIT,SELL,100.27,11
1314890,257,MARKET,BUY,,81
1319951,258,LIMIT,SELL,100.32,20
1322855,259,LIMIT,SELL,100.32,6
1323419,260,LIMIT,SELL,100.26,64
1332457,261,MARKET,BUY,,88
1339210,262,LIMIT,BUY,100.17,60
1342652,263,LIMIT,SELL,100.31,52
1344894,264,LIMIT,BUY,100.23,35
1352360,265,LIMIT,BUY,100.15,54
1356527,266,IOC,SELL,100.31,25
1359237,267,LIMIT,BUY,100.24,12
1365779,268,MARKET,BUY,,46
1366676,269,IOC,SELL,100.37,2
1368537,270,IOC,SELL,100.34,6
1375200,271,LIMIT,BUY,100.17,36
1377246,272,LIMIT,BUY,100.17,47
1379709,273,LIMIT,SELL,100.25,92
1385265,274,LIMIT,BUY,100.23,42
1390583,275,MARKET,SELL,,39
1400410,276,IOC,SELL,100.31,61
1400782,277,LIMIT,SELL,100.27,77
1408657,278,LIMIT,SELL,100.30,93
1409598,279,LIMIT,SELL,100.33,19
1413666,280,CANCEL,,179,
1420627,281,LIMIT,BUY,100.17,95
1421747,282,LIMIT,SELL,100.33,68
1428020,283,LIMIT,SELL,100.31,87
1432451,284,LIMIT,BUY,100.21,39
1437286,285,LIMIT,BUY,100.16,93
1441866,286,LIMIT,SELL,100.32,45
1444365,287,LIMIT,SELL,100.33,84
1448666,288,LIMIT,SELL,100.34,90
1453216,289,LIMIT,SELL,100.34,29
1457130,290,LIMIT,BUY,100.26,71
1459817,291,IOC,SELL,100.31,97
1464623,292,LIMIT,SELL,100.23,30
1473490,293,IOC,BUY,100.20,23
1474185,294,LIMIT,BUY,100.22,5
1474436,295,LIMIT,SELL,100.35,83
1483437,296,IOC,BUY,100.22,25
1485382,297,LIMIT,SELL,100.28,95
1491005,298,LIMIT,SELL,100.22,52
1498112,299,LIMIT,SELL,100.26,62
1503513,300,CANCEL,,216,
1507471,301,LIMIT,BUY,100.17,2
1511856,302,LIMIT,BUY,100.29,21
1518598,303,IOC,SELL,100.29,82
1523531,304,LIMIT,SELL,100.35,96
1529752,305,LIMIT,BUY,100.23,98
1533906,306,LIMIT,SELL,100.36,91
1539933,307,IOC,SELL,100.35,20
1542728,308,LIMIT,BUY,100.16,63
1544317,309,LIMIT,BUY,100.29,59
1553656,310,IOC,SELL,100.30,96
1557326,311,CANCEL,,196,
1558470,312,LIMIT,SELL,100.37,5
1563273,313,LIMIT,SELL,100.36,48
1569639,314,IOC,BUY,100.34,70
1571917,315,LIMIT,BUY,100.20,17
1575665,316,LIMIT,SELL,100.38,55
1584480,317,LIMIT,BUY,100.30,93
1586428,318,LIMIT,SELL,100.31,9
1588181,319,LIMIT,SELL,100.36,95
1589005,320,LIMIT,BUY,100.31,18
1597360,321,LIMIT,SELL,100.42,77
1602713,322,IOC,SELL,100.39,39
1607321,323,LIMIT,SELL,100.27,83
1613665,324,LIMIT,BUY,100.32,24
1622578,325,IOC,BUY,100.21,8
1631892,326,LIMIT,SELL,100.34,27
1637403,327,IOC,SELL,100.24,25
1638347,328,LIMIT,SELL,100.33,98
1648073,329,LIMIT,BUY,100.23,39
1648424,330,LIMIT,SELL,100.37,32
1651874,331,LIMIT,BUY,100.21,69
1657860,332,LIMIT,SELL,100.37,98
1663206,333,LIMIT,BUY,100.25,95
1665696,334,LIMIT,BUY,100.27,64
1674817,335,LIMIT,BUY,100.23,59
1677673,336,LIMIT,BUY,100.28,70
1678735,337,IOC,BUY,100.30,98
1678939,338,IOC,BUY,100.30,28
1687324,339,LIMIT,SELL,100.39,85
1695417,340,CANCEL,,159,
1704294,341,CANCEL,,245,
1707331,342,LIMIT,BUY,100.36,33
1713238,343,LIMIT,BUY,100.22,32
1717038,344,IOC,BUY,100.31,12
1723778,345,LIMIT,BUY,100.33,11
1732067,346,LIMIT,BUY,100.30,68
1732864,347,IOC,SELL,100.37,6
1734182,348,LIMIT,SELL,100.35,41
1734538,349,LIMIT,SELL,100.39,10
1739541,350,LIMIT,SELL,100.41,43
1745929,351,LIMIT,SELL,100.41,96
1751695,352,IOC,BUY,100.23,51
1757142,353,LIMIT,BUY,100.28,24
1766840,354,LIMIT,SELL,100.37,11
1771330,355,LIMIT,SELL,100.41,47
1773175,356,LIMIT,BUY,100.38,56
1780628,357,LIMIT,BUY,100.41,12
1790508,358,LIMIT,BUY,100.30,100
1791995,359,LIMIT,SELL,100.46,22
1798332,360,LIMIT,BUY,100.38,56
1802953,361,LIMIT,BUY,100.33,93
1811176,362,LIMIT,BUY,100.30,43
1817500,363,LIMIT,BUY,100.27,18
1822522,364,IOC,BUY,100.30,41
1827397,365,LIMIT,SELL,100.43,49
1832089,366,LIMIT,BUY,100.27,70
1835136,367,LIMIT,SELL,100.41,57
1840009,368,LIMIT,SELL,100.45,18
1845070,369,LIMIT,SELL,100.39,58
1854966,370,LIMIT,SELL,100.44,70
1855668,371,LIMIT,SELL,100.39,14
1859835,372,LIMIT,SELL,100.32,87
1866482,373,LIMIT,SELL,100.37,34
1870219,374,LIMIT,SELL,100.45,48
1876727,375,LIMIT,SELL,100.37,62
1878539,376,IOC,BUY,100.34,45
1883749,377,LIMIT,SELL,100.39,57
1891261,378,LIMIT,SELL,100.35,83
1893152,379,LIMIT,SELL,100.40,71
1895875,380,LIMIT,BUY,100.34,24
1903055,381,LIMIT,SELL,100.44,50
1903227,382,LIMIT,SELL,100.39,74
1904994,383,LIMIT,BUY,100.37,34
1913113,384,LIMIT,SELL,100.47,15
1918913,385,LIMIT,BUY,100.32,79
1928682,386,LIMIT,BUY,100.40,19
1937151,387,LIMIT,SELL,100.43,82
1946055,388,LIMIT,SELL,100.43,37
1948453,389,IOC,SELL,100.36,63
1950789,390,LIMIT,SELL,100.42,88
1958945,391,IOC,BUY,100.35,98
1962658,392,LIMIT,SELL,100.32,73
1970873,393,LIMIT,BUY,100.29,70
1971654,394,LIMIT,BUY,100.31,39
1972282,395,LIMIT,SELL,100.37,100
1976264,396,LIMIT,SELL,100.45,81
1983379,397,LIMIT,BUY,100.34,73
1989226,398,LIMIT,BUY,100.30,38
1998709,399,IOC,SELL,100.37,18
2005552,400,MARKET,SELL,,17
2007826,401,LIMIT,SELL,100.42,63
2010255,402,LIMIT,BUY,100.33,52
2018802,403,LIMIT,SELL,100.43,42
2028436,404,MARKET,SELL,,90
2034405,405,LIMIT,BUY,100.28,64
2038904,406,LIMIT,SELL,100.29,44
2039797,407,LIMIT,SELL,100.34,55
2043211,408,IOC,SELL,100.38,12
2049216,409,LIMIT,SELL,100.30,81
2054321,410,LIMIT,BUY,100.33,1
2057917,411,LIMIT,BUY,100.32,2
2063646,412,MARKET,BUY,,17
2071572,413,LIMIT,BUY,100.29,18
2077942,414,LIMIT,BUY,100.31,9
2086733,415,LIMIT,BUY,100.30,81
2089313,416,LIMIT,BUY,100.32,18
2091430,417,LIMIT,SELL,100.37,32
2096067,418,LIMIT,SELL,100.39,100
2096606,419,LIMIT,BUY,100.25,25
2103124,420,LIMIT,SELL,100.42,50
2105071,421,LIMIT,BUY,100.33,47
2110356,422,IOC,SELL,100.37,98
2118173,423,LIMIT,BUY,100.36,28
2118925,424,IOC,BUY,100.25,99
2125831,425,LIMIT,SELL,100.37,36
2127300,426,LIMIT,BUY,100.25,42
2133801,427,LIMIT,SELL,100.39,90
2141068,428,IOC,BUY,100.37,15
2148596,429,LIMIT,SELL,100.37,16
2148903,430,LIMIT,BUY,100.25,67
2153250,431,LIMIT,SELL,100.36,99
2153830,432,LIMIT,SELL,100.44,81
2155192,433,LIMIT,BUY,100.31,48
2157869,434,LIMIT,SELL,100.38,95
2166305,435,CANCEL,,208,
2172679,436,LIMIT,SELL,100.28,95
2179649,437,LIMIT,SELL,100.35,74
2185857,438,LIMIT,BUY,100.24,6
2192525,439,LIMIT,BUY,100.38,2
2198669,440,LIMIT,BUY,100.27,48
2208463,441,MARKET,SELL,,94
2217517,442,LIMIT,BUY,100.31,70
2223292,443,LIMIT,BUY,100.28,95
2228430,444,LIMIT,BUY,100.34,19
2233114,445,LIMIT,SELL,100.34,75
2234779,446,LIMIT,BUY,100.31,56
2237020,447,LIMIT,BUY,100.26,41
2244537,448,LIMIT,BUY,100.22,14
2247183,449,LIMIT,BUY,100.34,99
2250684,450,LIMIT,SELL,100.27,39
2260668,451,LIMIT,BUY,100.24,7
2265664,452,MARKET,BUY,,52
2273172,453,LIMIT,BUY,100.34,16
2273467,454,LIMIT,BUY,100.30,75
2283169,455,IOC,BUY,100.37,57
2285379,456,CANCEL,,263,
2286308,457,LIMIT,SELL,100.34,49
2293398,458,LIMIT,BUY,100.30,5
2297524,459,LIMIT,SELL,100.35,36
2303899,460,LIMIT,SELL,100.42,3
2310265,461,LIMIT,SELL,100.43,65
2315634,462,LIMIT,BUY,100.28,8
2323462,463,LIMIT,SELL,100.35,32
2327513,464,IOC,SELL,100.32,74
2333976,465,IOC,SELL,100.29,41
2339954,466,CANCEL,,391,
2345815,467,LIMIT,SELL,100.30,70
2350978,468,CANCEL,,36,
2354889,469,CANCEL,,273,
2355000,470,LIMIT,SELL,100.36,42
2356075,471,IOC,SELL,100.38,91
2362656,472,LIMIT,BUY,100.25,82
2370738,473,LIMIT,SELL,100.42,46
2374495,474,IOC,BUY,100.27,17
2377506,475,IOC,SELL,100.42,5
2380589,476,IOC,SELL,100.42,14
2388818,477,LIMIT,BUY,100.29,82
2390371,478,LIMIT,SELL,100.33,34
2393906,479,LIMIT,BUY,100.32,7
2400329,480,LIMIT,BUY,100.25,45
2409375,481,IOC,SELL,100.36,21
2416868,482,CANCEL,,153,
2418683,483,LIMIT,BUY,100.26,44
2428515,484,IOC,SELL,100.31,78
2435728,485,LIMIT,BUY,100.33,71
2444677,486,LIMIT,BUY,100.32,71
2452820,487,LIMIT,BUY,100.18,62
2456191,488,LIMIT,SELL,100.29,40
2462803,489,IOC,BUY,100.20,24
2468981,490,LIMIT,BUY,100.19,34
2472787,491,LIMIT,BUY,100.25,11
2478519,492,LIMIT,SELL,100.28,50
2487180,493,LIMIT,SELL,100.31,61
2492176,494,LIMIT,SELL,100.34,19
2494246,495,LIMIT,SELL,100.23,25
2496413,496,LIMIT,SELL,100.31,34
2501751,497,IOC,BUY,100.14,71
2507194,498,LIMIT,SELL,100.16,80
2516920,499,LIMIT,BUY,100.25,75
2518661,500,LIMIT,BUY,100.12,45
2525493,501,LIMIT,SELL,100.24,36
2532195,502,LIMIT,SELL,100.19,89
2536187,503,IOC,BUY,100.18,40
2540880,504,IOC,SELL,100.27,18
2545903,505,LIMIT,SELL,100.30,78
2547465,506,LIMIT,SELL,100.32,48
2548485,507,LIMIT,BUY,100.20,100
2557174,508,CANCEL,,115,
2560562,509,LIMIT,BUY,100.19,36
2566697,510,LIMIT,SELL,100.23,31
2572899,511,LIMIT,SELL,100.32,45
2578639,512,IOC,SELL,100.28,4
2585072,513,LIMIT,SELL,100.29,66
2585500,514,MARKET,SELL,,61
2587767,515,LIMIT,BUY,100.17,92
2592378,516,LIMIT,BUY,100.14,39
2601008,517,LIMIT,BUY,100.16,72
2610836,518,LIMIT,BUY,100.24,82
2616263,519,LIMIT,SELL,100.27,25
2618819,520,LIMIT,BUY,100.12,52
2624155,521,LIMIT,SELL,100.27,54
2630883,522,CANCEL,,400,
2640355,523,LIMIT,SELL,100.30,86
2646328,524,IOC,SELL,100.25,38
2648027,525,LIMIT,SELL,100.25,88
2653626,526,LIMIT,BUY,100.15,43
2659815,527,LIMIT,SELL,100.32,75
2661081,528,LIMIT,BUY,100.13,39
2667949,529,MARKET,BUY,,73
2675545,530,IOC,BUY,100.23,81
2678542,531,LIMIT,BUY,100.18,74
2681237,532,LIMIT,BUY,100.14,52
2688366,533,LIMIT,BUY,100.23,2
2693745,534,LIMIT,BUY,100.26,32
2697552,535,LIMIT,BUY,100.11,40
2700388,536,IOC,BUY,100.10,44
2707593,537,MARKET,BUY,,63
2713578,538,LIMIT,SELL,100.20,30
2717353,539,LIMIT,SELL,100.22,16
2723459,540,LIMIT,BUY,100.10,80
2724355,541,CANCEL,,69,
2724778,542,LIMIT,BUY,100.14,27
2725030,543,LIMIT,SELL,100.27,90
2727377,544,IOC,SELL,100.22,15
2729218,545,LIMIT,SELL,100.21,46
2736031,546,CANCEL,,288,
2739533,547,LIMIT,BUY,100.17,15
2749039,548,LIMIT,BUY,100.15,33
2752926,549,MARKET,BUY,,7
2754661,550,IOC,SELL,100.23,55
2756659,551,IOC,SELL,100.14,57
2761154,552,LIMIT,SELL,100.13,52
2768733,553,LIMIT,SELL,100.19,15
2771004,554,LIMIT,SELL,100.13,76
2779012,555,LIMIT,BUY,100.10,79
2779584,556,IOC,SELL,100.24,63
2781534,557,LIMIT,BUY,100.15,91
2790232,558,LIMIT,SELL,100.22,67
2798902,559,LIMIT,BUY,100.08,45
2805307,560,IOC,SELL,100.17,83
2807978,561,LIMIT,BUY,100.19,42
2812024,562,LIMIT,SELL,100.23,52
2815974,563,LIMIT,SELL,100.21,64
2816365,564,LIMIT,SELL,100.19,78
2821455,565,LIMIT,SELL,100.25,47
2822444,566,IOC,BUY,100.09,61
2828496,567,LIMIT,SELL,100.25,46
2833379,568,LIMIT,BUY,100.11,18
2840183,569,LIMIT,BUY,100.12,28
2847771,570,LIMIT,BUY,100.18,82
2857518,571,IOC,BUY,100.10,18
2865790,572,IOC,SELL,100.25,100
2868793,573,LIMIT,SELL,100.11,77
2874166,574,LIMIT,SELL,100.20,36
2880784,575,MARKET,BUY,,18
2883147,576,LIMIT,SELL,100.25,41
2892316,577,LIMIT,SELL,100.22,87
2894589,578,LIMIT,SELL,100.22,91
2896579,579,LIMIT,SELL,100.23,87
2905426,580,IOC,SELL,100.17,49
2907907,581,LIMIT,SELL,100.20,19
2909023,582,LIMIT,SELL,100.12,14
2918328,583,LIMIT,SELL,100.20,89
2919197,584,LIMIT,SELL,100.21,71
2920178,585,LIMIT,SELL,100.20,82
2926303,586,LIMIT,SELL,100.20,38
2933756,587,LIMIT,BUY,100.20,16
2940036,588,LIMIT,BUY,100.18,43
2947776,589,LIMIT,BUY,100.18,100
2952810,590,LIMIT,BUY,100.13,68
2956513,591,LIMIT,SELL,100.15,69
2963222,592,LIMIT,BUY,100.08,68
2971102,593,IOC,SELL,100.13,45
2978503,594,LIMIT,SELL,100.19,88
2983861,595,LIMIT,BUY,100.13,4
2992429,596,LIMIT,SELL,100.19,38
2995683,597,LIMIT,BUY,100.09,69
2995903,598,LIMIT,SELL,100.25,14
2999371,599,LIMIT,SELL,100.20,96
3001990,600,LIMIT,BUY,100.10,10
3011510,601,IOC,BUY,100.12,56
3016793,602,CANCEL,,80,
3026487,603,IOC,BUY,100.09,78
3028004,604,IOC,BUY,100.13,61
3030665,605,LIMIT,BUY,100.05,38
3033125,606,IOC,SELL,100.20,2
3042293,607,LIMIT,BUY,100.07,69
3051363,608,LIMIT,SELL,100.20,28
3058223,609,IOC,BUY,100.18,33
3061506,610,LIMIT,SELL,100.10,60
3070611,611,LIMIT,SELL,100.18,46
3072811,612,LIMIT,BUY,100.13,41
3080871,613,LIMIT,BUY,100.02,73
3086942,614,MARKET,BUY,,41
3091075,615,LIMIT,SELL,100.18,18
3096607,616,LIMIT,BUY,100.03,14
3099586,617,LIMIT,BUY,100.03,26
3103998,618,LIMIT,SELL,100.21,81
3104609,619,LIMIT,SELL,100.13,71
3108978,620,MARKET,BUY,,100
3111513,621,LIMIT,SELL,100.17,18
3119226,622,LIMIT,BUY,100.13,79
3122043,623,LIMIT,BUY,100.02,85
3124538,624,LIMIT,BUY,100.04,30
3125667,625,LIMIT,SELL,100.18,50
3133462,626,IOC,BUY,100.10,91
3142104,627,LIMIT,SELL,100.22,23
3148375,628,LIMIT,SELL,100.21,33
3154640,629,LIMIT,BUY,100.06,63
3162638,630,CANCEL,,167,
3169945,631,LIMIT,SELL,100.15,21
3175979,632,IOC,SELL,100.18,93
3177935,633,LIMIT,BUY,100.15,3
3182027,634,LIMIT,BUY,100.10,22
3186358,635,LIMIT,BUY,100.10,93
3191102,636,LIMIT,SELL,100.19,22
3194796,637,LIMIT,SELL,100.14,80
3203265,638,LIMIT,BUY,100.01,9
3207130,639,LIMIT,BUY,100.02,88
3214107,640,LIMIT,BUY,100.01,5
3222913,641,LIMIT,BUY,100.15,70
3223032,642,LIMIT,SELL,100.17,6
3231812,643,IOC,BUY,100.05,76
3241351,644,LIMIT,BUY,100.04,77
3250359,645,LIMIT,SELL,100.19,67
3252389,646,LIMIT,BUY,100.02,47
3254235,647,LIMIT,BUY,100.02,73
3260325,648,MARKET,BUY,,27
3267195,649,LIMIT,BUY,100.01,33
3272319,650,LIMIT,BUY,100.14,16
3276183,651,LIMIT,BUY,100.02,44
3285303,652,LIMIT,BUY,100.08,12
3287784,653,LIMIT,BUY,100.03,11
3288502,654,IOC,BUY,100.04,92
3298390,655,LIMIT,BUY,99.97,37
3301680,656,LIMIT,BUY,100.02,21
3303202,657,LIMIT,BUY,99.93,26
3311784,658,LIMIT,SELL,100.12,45
3317577,659,LIMIT,SELL,99.99,74
3317753,660,LIMIT,BUY,100.04,44
3319770,661,MARKET,SELL,,74
3323968,662,MARKET,SELL,,99
3328053,663,MARKET,BUY,,59
3337767,664,LIMIT,BUY,99.98,87
3341634,665,LIMIT,BUY,99.97,32
3346440,666,LIMIT,BUY,99.99,74
3350948,667,LIMIT,SELL,99.98,26
3354895,668,IOC,BUY,99.99,80
3360828,669,LIMIT,SELL,100.11,79
3361036,670,LIMIT,BUY,99.93,41
3369202,671,IOC,SELL,100.06,98
3377676,672,LIMIT,SELL,100.00,62
3386635,673,IOC,SELL,100.07,90
3395225,674,LIMIT,BUY,99.95,13
3400656,675,IOC,BUY,100.00,61
3406377,676,LIMIT,BUY,99.99,47
3413040,677,LIMIT,BUY,100.01,13
3417562,678,LIMIT,SELL,100.00,20
3425411,679,LIMIT,BUY,99.96,69
3430683,680,LIMIT,SELL,100.12,13
3433459,681,IOC,BUY,100.02,47
3439462,682,IOC,BUY,100.07,45
3442821,683,LIMIT,SELL,100.12,46
3448247,684,LIMIT,SELL,100.14,79
3453041,685,MARKET,SELL,,82
3458668,686,LIMIT,BUY,100.05,21
3464397,687,LIMIT,BUY,100.00,35
3471786,688,IOC,SELL,100.15,53
3474627,689,CANCEL,,275,
3478849,690,LIMIT,BUY,100.07,13
3479994,691,LIMIT,BUY,99.98,98
3481457,692,LIMIT,BUY,100.00,40
3485314,693,LIMIT,SELL,100.06,4
3485989,694,IOC,BUY,99.98,35
3495076,695,MARKET,SELL,,23
3504856,696,LIMIT,SELL,100.16,82
3513701,697,LIMIT,SELL,100.15,40
3519793,698,LIMIT,BUY,100.04,45
3524591,699,CANCEL,,557,
3532507,700,LIMIT,SELL,100.08,71
3538728,701,IOC,BUY,100.00,49
3542442,702,LIMIT,BUY,99.97,89
3546996,703,LIMIT,SELL,100.09,24
3549334,704,LIMIT,SELL,100.17,63
3552510,705,LIMIT,SELL,100.07,37
3557020,706,LIMIT,BUY,100.07,64
3560678,707,LIMIT,SELL,100.15,90
3561297,708,IOC,SELL,100.04,10
3570296,709,LIMIT,SELL,100.08,16
3574474,710,MARKET,BUY,,5
3577837,711,LIMIT,SELL,100.15,50
3583050,712,LIMIT,SELL,100.16,67
3585151,713,LIMIT,BUY,100.03,15
3589117,714,LIMIT,BUY,100.05,51
3593199,715,LIMIT,BUY,99.98,99
3594765,716,LIMIT,SELL,100.05,8
3600689,717,LIMIT,SELL,100.03,41
3609937,718,LIMIT,SELL,100.08,3
3616226,719,LIMIT,SELL,100.12,72
3621154,720,LIMIT,SELL,100.10,94
3628928,721,IOC,SELL,100.06,68
3631567,722,IOC,SELL,100.13,49
3634706,723,LIMIT,BUY,99.98,93
3635843,724,LIMIT,BUY,99.96,99
3644978,725,LIMIT,BUY,100.02,67
3646170,726,IOC,BUY,100.01,5
3655625,727,LIMIT,BUY,99.93,33
3656529,728,LIMIT,BUY,99.99,84
3664680,729,IOC,BUY,99.97,72
3671594,730,LIMIT,BUY,99.94,6
3672847,731,LIMIT,BUY,100.01,93
3676731,732,LIMIT,SELL,100.06,72
3685975,733,LIMIT,SELL,100.11,90
3693072,734,LIMIT,BUY,99.97,85
3695763,735,LIMIT,SELL,100.12,42
3701953,736,LIMIT,SELL,100.07,73
3710992,737,LIMIT,SELL,100.11,58
3717597,738,LIMIT,SELL,100.06,1
3722617,739,LIMIT,BUY,99.96,71
3731093,740,IOC,BUY,100.03,20
3733460,741,IOC,BUY,99.96,12
3742906,742,IOC,SELL,100.09,23
3751005,743,LIMIT,SELL,100.11,83
3756026,744,LIMIT,SELL,100.09,54
3758100,745,LIMIT,SELL,100.03,82
3764466,746,LIMIT,BUY,99.96,20
3765393,747,MARKET,SELL,,97
3775243,748,LIMIT,BUY,99.97,17
3780850,749,LIMIT,BUY,99.94,98
3783159,750,LIMIT,BUY,99.88,79
3791848,751,LIMIT,SELL,100.07,12
3793791,752,LIMIT,BUY,99.87,84
3794287,753,LIMIT,BUY,99.89,80
3796776,754,IOC,BUY,99.94,97
3798281,755,LIMIT,SELL,100.02,2
3804005,756,LIMIT,BUY,99.98,95
3812919,757,LIMIT,SELL,100.07,94
3815334,758,LIMIT,BUY,99.88,6
3819619,759,LIMIT,SELL,99.98,60
3819855,760,IOC,SELL,100.01,38
3826287,761,LIMIT,SELL,99.98,63
3836169,762,LIMIT,SELL,100.01,6
3840322,763,LIMIT,BUY,99.99,45
3846187,764,LIMIT,SELL,100.05,8
3850508,765,IOC,SELL,99.96,36
3854303,766,IOC,SELL,99.97,67
3858129,767,LIMIT,BUY,99.90,43
3865588,768,LIMIT,BUY,99.96,18
3870750,769,IOC,SELL,100.03,84
3880104,770,LIMIT,SELL,100.02,24
3885407,771,LIMIT,BUY,99.93,53
3890477,772,IOC,SELL,100.05,20
3893656,773,LIMIT,SELL,100.05,78
3903046,774,LIMIT,BUY,100.00,89
3910954,775,IOC,BUY,99.97,50
3919105,776,LIMIT,BUY,99.99,35
3925972,777,LIMIT,BUY,99.97,57
3934099,778,IOC,SELL,100.01,78
3940431,779,LIMIT,SELL,100.09,68
3941161,780,LIMIT,SELL,99.99,67
3950073,781,LIMIT,SELL,100.01,25
3954943,782,IOC,SELL,100.03,55
3959866,783,LIMIT,SELL,99.95,58
3961447,784,LIMIT,SELL,100.09,18
3967987,785,LIMIT,BUY,99.96,59
3969564,786,LIMIT,SELL,100.02,12
3971534,787,LIMIT,BUY,99.91,79
3974253,788,LIMIT,SELL,100.10,85
3976812,789,LIMIT,SELL,99.98,40
3984223,790,LIMIT,SELL,100.01,80
3988469,791,LIMIT,BUY,99.98,28
3998216,792,LIMIT,BUY,100.01,32
4007283,793,LIMIT,SELL,100.05,19
4008285,794,CANCEL,,42,
4017856,795,LIMIT,SELL,99.99,23
4020599,796,LIMIT,SELL,100.11,23
4028159,797,LIMIT,BUY,99.96,48
4034467,798,LIMIT,SELL,99.99,18
4036566,799,LIMIT,SELL,100.06,79
4037619,800,LIMIT,SELL,100.10,93
4042424,801,IOC,BUY,99.92,46
4044649,802,LIMIT,SELL,100.05,79
4048561,803,MARKET,BUY,,4
4056277,804,LIMIT,SELL,100.09,53
4057122,805,LIMIT,SELL,100.01,89
4061836,806,LIMIT,BUY,100.01,15
4067396,807,LIMIT,SELL,100.01,25
4072911,808,IOC,BUY,100.01,83
4075235,809,LIMIT,SELL,100.08,60
4082117,810,LIMIT,SELL,100.08,72
4090996,811,LIMIT,BUY,99.98,49
4099849,812,LIMIT,BUY,99.99,91
4105101,813,LIMIT,BUY,99.98,58
4110159,814,LIMIT,BUY,100.00,12
4117529,815,LIMIT,SELL,100.02,62
4126208,816,LIMIT,SELL,100.00,87
4128482,817,CANCEL,,442,
4137140,818,LIMIT,BUY,100.02,43
4144889,819,LIMIT,SELL,100.05,74
4150103,820,LIMIT,BUY,99.95,41
4157430,821,LIMIT,BUY,100.08,72
4165952,822,LIMIT,SELL,100.09,74
4170063,823,LIMIT,SELL,100.05,17
4170638,824,LIMIT,BUY,100.07,51
4173670,825,IOC,SELL,100.12,79
4179596,826,IOC,SELL,100.13,11
4187325,827,LIMIT,SELL,100.06,59
4192510,828,LIMIT,BUY,100.00,19
4196837,829,LIMIT,SELL,100.10,59
4204924,830,LIMIT,BUY,100.07,78
4214439,831,LIMIT,SELL,100.11,72
4215701,832,LIMIT,BUY,99.95,32
4224778,833,LIMIT,BUY,99.95,56
4232010,834,LIMIT,SELL,100.00,10
4241517,835,LIMIT,SELL,100.07,57
4244503,836,LIMIT,SELL,100.15,99
4250811,837,LIMIT,BUY,100.02,75
4250914,838,LIMIT,BUY,99.95,74
4258340,839,LIMIT,BUY,100.00,56
4264080,840,LIMIT,SELL,100.08,38
4265202,841,LIMIT,BUY,99.99,15
4269925,842,LIMIT,SELL,100.11,92
4276296,843,LIMIT,BUY,100.06,25
4285496,844,IOC,SELL,100.00,17
4287796,845,LIMIT,BUY,100.01,11
4290144,846,LIMIT,BUY,99.94,55
4293189,847,LIMIT,SELL,100.08,24
4300248,848,LIMIT,SELL,100.13,35
4307079,849,LIMIT,BUY,100.07,91
4313217,850,LIMIT,SELL,99.99,68
4317895,851,LIMIT,SELL,100.01,81
4319274,852,LIMIT,SELL,100.10,69
4319550,853,LIMIT,BUY,99.97,46
4324477,854,CANCEL,,670,
4329558,855,LIMIT,BUY,100.01,74
4330503,856,LIMIT,SELL,100.01,11
4332680,857,IOC,BUY,100.06,36
4336989,858,LIMIT,SELL,99.98,48
4339962,859,LIMIT,BUY,100.00,44
4341444,860,LIMIT,SELL,100.08,99
4347821,861,LIMIT,SELL,100.07,7
4352252,862,LIMIT,BUY,99.96,61
4361076,863,LIMIT,BUY,99.92,56
4361370,864,LIMIT,BUY,99.92,88
4362142,865,LIMIT,SELL,100.08,35
4363852,866,LIMIT,BUY,99.99,94
4373597,867,LIMIT,SELL,100.09,71
4373870,868,IOC,BUY,100.03,88
4381276,869,LIMIT,BUY,100.07,12
4382307,870,LIMIT,SELL,100.05,91
4384372,871,LIMIT,SELL,100.04,15
4387490,872,LIMIT,SELL,100.06,99
4394585,873,LIMIT,SELL,100.03,36
4395707,874,LIMIT,BUY,99.96,23
4403025,875,LIMIT,SELL,99.94,99
4410190,876,LIMIT,SELL,100.00,5
4411484,877,CANCEL,,566,
4414022,878,CANCEL,,49,
4420519,879,LIMIT,SELL,100.09,91
4428658,880,LIMIT,SELL,100.02,70
4432458,881,LIMIT,SELL,100.06,52
4433462,882,MARKET,BUY,,69
4439133,883,LIMIT,BUY,100.06,85
4442362,884,LIMIT,BUY,99.95,11
4449637,885,LIMIT,BUY,99.93,31
4457752,886,LIMIT,SELL,100.11,3
4458458,887,LIMIT,SELL,100.07,84
4467128,888,LIMIT,SELL,99.99,30
4468408,889,LIMIT,BUY,100.00,32
4470646,890,IOC,BUY,99.89,9
4472488,891,LIMIT,SELL,99.98,55
4478115,892,MARKET,SELL,,42
4480194,893,LIMIT,BUY,99.95,98
4481040,894,LIMIT,BUY,100.02,22
4487200,895,LIMIT,SELL,99.99,81
4493462,896,CANCEL,,555,
4494884,897,LIMIT,SELL,100.06,89
4497063,898,LIMIT,SELL,100.01,79
4497779,899,LIMIT,SELL,99.96,45
4504740,900,LIMIT,SELL,99.95,98
4513682,901,LIMIT,SELL,99.98,25
4515628,902,LIMIT,SELL,100.00,21
4516434,903,LIMIT,BUY,99.91,6
4518244,904,IOC,BUY,99.91,66
4520245,905,LIMIT,SELL,100.02,30
4522149,906,LIMIT,SELL,100.03,29
4523453,907,LIMIT,SELL,99.92,59
4526470,908,LIMIT,SELL,100.01,26
4532073,909,LIMIT,BUY,99.99,59
4539025,910,LIMIT,SELL,100.06,22
4548596,911,IOC,BUY,99.88,28
4558388,912,LIMIT,BUY,99.92,32
4563850,913,LIMIT,SELL,100.06,1
4570794,914,CANCEL,,536,
4579155,915,IOC,SELL,99.95,31
4580616,916,CANCEL,,816,
4587378,917,LIMIT,BUY,99.96,3
4595338,918,LIMIT,BUY,99.88,4
4602890,919,LIMIT,SELL,99.96,81
4610597,920,CANCEL,,708,
4611855,921,LIMIT,SELL,100.03,90
4620842,922,LIMIT,SELL,100.04,95
4621840,923,IOC,BUY,100.01,47
4629564,924,LIMIT,BUY,99.96,72
4633018,925,LIMIT,SELL,100.08,90
4636555,926,LIMIT,BUY,99.89,88
4643584,927,LIMIT,BUY,99.89,16
4651387,928,LIMIT,SELL,100.08,48
4652562,929,IOC,BUY,99.95,37
4653922,930,LIMIT,SELL,100.02,67
4654393,931,MARKET,SELL,,17
4662257,932,LIMIT,SELL,100.00,3
4666163,933,LIMIT,BUY,99.92,63
4675984,934,LIMIT,SELL,100.08,17
4681105,935,LIMIT,BUY,99.97,19
4686990,936,MARKET,SELL,,21
4695860,937,MARKET,SELL,,89
4698474,938,LIMIT,SELL,100.06,34
4704630,939,LIMIT,BUY,99.92,19
4710839,940,MARKET,SELL,,16
4711347,941,LIMIT,BUY,99.92,20
4711517,942,LIMIT,SELL,100.03,61
4716365,943,LIMIT,SELL,100.08,94
4723708,944,LIMIT,BUY,100.03,71
4725722,945,LIMIT,SELL,100.00,42
4726723,946,LIMIT,SELL,100.03,26
4727192,947,LIMIT,BUY,99.97,63
4732498,948,LIMIT,BUY,99.94,19
4739604,949,LIMIT,BUY,99.93,72
4741139,950,IOC,SELL,100.09,37
4743922,951,MARKET,BUY,,54
4746308,952,LIMIT,BUY,99.92,43
4747491,953,LIMIT,BUY,100.06,35
4754382,954,LIMIT,SELL,100.05,24
4760736,955,LIMIT,SELL,100.11,39
4768931,956,LIMIT,BUY,100.03,39
4776773,957,LIMIT,BUY,100.06,83
4780882,958,MARKET,BUY,,96
4786909,959,LIMIT,SELL,100.11,89
4788968,960,LIMIT,BUY,99.93,8
4791462,961,IOC,BUY,100.05,47
4798435,962,MARKET,BUY,,38
4807212,963,LIMIT,BUY,100.01,77
4810050,964,IOC,SELL,100.08,35
4816089,965,CANCEL,,591,
4820799,966,LIMIT,BUY,100.02,28
4823431,967,IOC,SELL,100.13,69
4832560,968,IOC,BUY,100.02,17
4832944,969,LIMIT,BUY,99.94,67
4838648,970,LIMIT,SELL,100.03,89
4841080,971,LIMIT,BUY,99.97,89
4843010,972,CANCEL,,133,
4843647,973,LIMIT,BUY,100.08,6
4844832,974,CANCEL,,121,
4846960,975,LIMIT,SELL,100.04,4
4848547,976,LIMIT,BUY,100.00,21
4856849,977,LIMIT,SELL,100.02,98
4857178,978,LIMIT,SELL,100.02,1
4858894,979,IOC,SELL,100.16,24
4866197,980,LIMIT,SELL,100.13,28
4874722,981,LIMIT,SELL,100.06,67
4877048,982,LIMIT,BUY,100.04,42
4885236,983,LIMIT,SELL,100.14,29
4894411,984,MARKET,BUY,,9
4902304,985,LIMIT,BUY,100.04,51
4909581,986,LIMIT,BUY,99.96,14
4912445,987,LIMIT,SELL,100.08,55
4920722,988,LIMIT,SELL,100.11,46
4928617,989,MARKET,SELL,,66
4933286,990,LIMIT,BUY,100.00,81
4935591,991,LIMIT,BUY,100.07,87
4941047,992,LIMIT,BUY,100.07,99
4949211,993,LIMIT,SELL,100.08,70
4954940,994,LIMIT,BUY,99.96,16
4961325,995,IOC,BUY,100.04,72
4966390,996,LIMIT,BUY,99.96,63
4968282,997,LIMIT,SELL,100.11,61
4977593,998,LIMIT,BUY,99.96,79
4983472,999,LIMIT,BUY,100.00,47
4989287,1000,LIMIT,SELL,100.10,13
4996401,1001,LIMIT,BUY,99.99,31
5001614,1002,IOC,BUY,99.97,22
5002036,1003,CANCEL,,743,
5009057,1004,IOC,BUY,99.93,3
5014342,1005,LIMIT,SELL,100.05,89
5017815,1006,LIMIT,SELL,100.13,39
5023867,1007,LIMIT,SELL,100.05,69
5027474,1008,CANCEL,,653,
5034160,1009,LIMIT,SELL,100.13,13
5043957,1010,LIMIT,SELL,100.07,45
5045313,1011,LIMIT,SELL,100.12,41
5048691,1012,LIMIT,SELL,100.12,24
5049095,1013,LIMIT,BUY,99.95,35
5057923,1014,IOC,SELL,100.04,67
5061310,1015,LIMIT,BUY,99.98,56
5068131,1016,IOC,BUY,99.96,35
5072933,1017,LIMIT,SELL,100.05,20
5076177,1018,LIMIT,SELL,100.06,26
5078887,1019,CANCEL,,886,
5083538,1020,LIMIT,SELL,100.13,3
5084544,1021,LIMIT,SELL,100.12,47
5086123,1022,IOC,SELL,100.15,95
5094419,1023,LIMIT,SELL,100.14,33
5102652,1024,LIMIT,BUY,99.99,75
5109140,1025,LIMIT,SELL,100.07,23
5112747,1026,LIMIT,BUY,99.97,69
5118986,1027,LIMIT,SELL,100.09,36
5121460,1028,LIMIT,SELL,100.01,5
5122455,1029,LIMIT,BUY,100.00,82
5128500,1030,LIMIT,SELL,100.13,50
5128728,1031,LIMIT,SELL,100.07,97
5132685,1032,IOC,BUY,99.99,99
5139441,1033,LIMIT,BUY,99.97,61
5146306,1034,LIMIT,BUY,100.03,21
5150681,1035,LIMIT,SELL,100.11,59
5151229,1036,LIMIT,BUY,100.02,1
5157893,1037,LIMIT,SELL,100.04,67
5160124,1038,LIMIT,SELL,100.13,95
5162411,1039,LIMIT,SELL,100.09,11
5169302,1040,LIMIT,BUY,99.95,29
5169741,1041,IOC,SELL,100.07,60
5173089,1042,IOC,BUY,99.95,34
5175634,1043,IOC,BUY,99.99,99
5183167,1044,LIMIT,BUY,100.01,37
5191363,1045,LIMIT,BUY,100.01,94
5194565,1046,LIMIT,BUY,100.01,31
5202053,1047,LIMIT,SELL,100.07,61
5204335,1048,MARKET,BUY,,28
5210718,1049,LIMIT,BUY,100.06,7
5216271,1050,LIMIT,BUY,99.96,91
5217116,1051,MARKET,SELL,,17
5226383,1052,LIMIT,BUY,99.98,17
5227951,1053,LIMIT,BUY,100.06,17
5236230,1054,IOC,SELL,100.11,34
5240651,1055,LIMIT,BUY,99.98,98
5243229,1056,IOC,SELL,100.10,20
5244223,1057,CANCEL,,309,
5247002,1058,LIMIT,SELL,100.07,57
5252943,1059,LIMIT,BUY,100.11,19
5255068,1060,LIMIT,BUY,99.97,35
5264396,1061,LIMIT,SELL,100.15,99
5273847,1062,IOC,BUY,100.04,43
5274372,1063,MARKET,BUY,,48
5284144,1064,LIMIT,BUY,100.09,91
5292105,1065,MARKET,SELL,,1
5297602,1066,LIMIT,SELL,100.16,17
5301165,1067,IOC,BUY,100.04,71
5311132,1068,LIMIT,BUY,99.99,12
5311568,1069,LIMIT,SELL,100.09,16
5316559,1070,LIMIT,SELL,100.16,17
5322541,1071,IOC,SELL,100.13,61
5327039,1072,LIMIT,SELL,100.16,24
5334251,1073,LIMIT,SELL,100.10,83
5336891,1074,LIMIT,SELL,100.03,56
5338288,1075,LIMIT,BUY,100.08,32
5346958,1076,LIMIT,SELL,100.15,14
5355424,1077,LIMIT,SELL,100.11,46
5359699,1078,LIMIT,BUY,99.98,23
5362784,1079,CANCEL,,481,
5367760,1080,LIMIT,SELL,100.11,44
5370926,1081,LIMIT,SELL,100.08,56
5379781,1082,CANCEL,,745,
5387698,1083,LIMIT,SELL,100.15,39
5393708,1084,MARKET,SELL,,39
5395243,1085,CANCEL,,140,
5395603,1086,LIMIT,BUY,100.04,84
5399664,1087,LIMIT,SELL,100.05,99
5407356,1088,LIMIT,BUY,99.99,63
5415180,1089,LIMIT,BUY,100.03,7
5420749,1090,IOC,SELL,100.21,38
5421455,1091,LIMIT,SELL,100.20,30
5422549,1092,LIMIT,BUY,100.17,54
5430404,1093,LIMIT,SELL,100.19,3
5433147,1094,LIMIT,BUY,100.08,76
5438803,1095,IOC,SELL,100.17,93
5445298,1096,IOC,SELL,100.20,21
5448792,1097,LIMIT,SELL,100.11,21
5456955,1098,LIMIT,SELL,100.16,72
5457825,1099,LIMIT,BUY,100.09,65
5458448,1100,LIMIT,BUY,100.03,29
5466516,1101,LIMIT,BUY,100.16,35
5469092,1102,IOC,SELL,100.12,57
5476681,1103,LIMIT,SELL,100.22,14
5485996,1104,LIMIT,SELL,100.14,94
5490882,1105,LIMIT,BUY,100.08,83
5496941,1106,LIMIT,SELL,100.18,99
5497148,1107,IOC,BUY,100.09,35
5503349,1108,LIMIT,SELL,100.20,54
5507187,1109,LIMIT,SELL,100.20,88
5513214,1110,LIMIT,SELL,100.20,9
5514703,1111,LIMIT,SELL,100.18,98
5515410,1112,LIMIT,SELL,100.06,92
5524026,1113,LIMIT,SELL,100.16,93
5529265,1114,CANCEL,,332,
5538012,1115,LIMIT,BUY,100.02,80
5545356,1116,IOC,SELL,100.15,39
5546836,1117,LIMIT,SELL,100.09,37
5550437,1118,LIMIT,SELL,100.12,76
5554775,1119,LIMIT,SELL,100.18,94
5555857,1120,LIMIT,SELL,100.11,16
5563309,1121,LIMIT,BUY,100.06,73
5572146,1122,LIMIT,BUY,100.06,87
5574539,1123,LIMIT,BUY,100.06,25
5580558,1124,LIMIT,BUY,100.14,8
5587619,1125,LIMIT,BUY,100.07,52
5597356,1126,LIMIT,SELL,100.23,57
5605476,1127,LIMIT,BUY,100.08,92
5613075,1128,LIMIT,SELL,100.15,59
5620930,1129,LIMIT,SELL,100.20,15
5623010,1130,LIMIT,SELL,100.11,48
5628078,1131,CANCEL,,339,
5630506,1132,LIMIT,SELL,100.18,28
5633605,1133,LIMIT,BUY,100.12,54
5641588,1134,LIMIT,SELL,100.21,93
5643863,1135,LIMIT,BUY,100.05,20
5649291,1136,LIMIT,BUY,100.07,95
5653935,1137,IOC,SELL,100.20,72
5656063,1138,LIMIT,SELL,100.16,73
5664711,1139,LIMIT,SELL,100.11,24
5665121,1140,LIMIT,SELL,100.25,57
5666607,1141,LIMIT,BUY,100.15,44
5673867,1142,CANCEL,,725,
5680225,1143,LIMIT,BUY,100.16,24
5684512,1144,LIMIT,SELL,100.16,79
5689941,1145,LIMIT,BUY,100.16,53
5695352,1146,IOC,SELL,100.14,97
5705233,1147,LIMIT,SELL,100.17,35
5706326,1148,LIMIT,BUY,100.20,30
5706731,1149,MARKET,SELL,,32
5715919,1150,LIMIT,SELL,100.24,27
5718351,1151,MARKET,SELL,,69
5725393,1152,LIMIT,BUY,100.05,38
5728235,1153,LIMIT,SELL,100.23,81
5731820,1154,LIMIT,BUY,100.07,9
5736845,1155,LIMIT,SELL,100.20,79
5745215,1156,LIMIT,SELL,100.21,97
5752732,1157,LIMIT,BUY,100.06,43
5753092,1158,LIMIT,SELL,100.17,2
5756035,1159,IOC,SELL,100.25,11
5757405,1160,IOC,SELL,100.18,46
5763671,1161,LIMIT,BUY,100.15,16
5771351,1162,LIMIT,BUY,100.11,88
5777313,1163,IOC,SELL,100.20,30
5785503,1164,CANCEL,,1109,
5789028,1165,IOC,SELL,100.26,25
5798396,1166,LIMIT,BUY,100.15,17
5802749,1167,IOC,SELL,100.22,25
5803227,1168,LIMIT,SELL,100.26,59
5803359,1169,LIMIT,SELL,100.15,56
5810125,1170,LIMIT,BUY,100.16,93
5813903,1171,LIMIT,BUY,100.20,74
5814418,1172,LIMIT,SELL,100.24,26
5817212,1173,LIMIT,SELL,100.17,4
5827020,1174,IOC,SELL,100.28,31
5832703,1175,IOC,SELL,100.22,100
5842632,1176,LIMIT,SELL,100.22,8
5843278,1177,IOC,SELL,100.21,57
5844275,1178,LIMIT,BUY,100.11,7
5849206,1179,LIMIT,SELL,100.30,85
5849479,1180,LIMIT,BUY,100.18,44
5850004,1181,LIMIT,BUY,100.24,92
5851210,1182,IOC,SELL,100.16,33
5857132,1183,LIMIT,BUY,100.19,8
5859323,1184,LIMIT,SELL,100.25,75
5868289,1185,LIMIT,BUY,100.14,2
5876870,1186,LIMIT,BUY,100.11,7
5883885,1187,MARKET,SELL,,26
5885105,1188,LIMIT,SELL,100.30,89
5890630,1189,LIMIT,BUY,100.14,21
5892447,1190,LIMIT,BUY,100.19,82
5896201,1191,LIMIT,BUY,100.14,95
5902459,1192,LIMIT,SELL,100.22,46
5903050,1193,LIMIT,BUY,100.14,6
5903636,1194,LIMIT,BUY,100.17,44
5912821,1195,LIMIT,BUY,100.18,3
5915169,1196,LIMIT,BUY,100.15,59
5919203,1197,LIMIT,BUY,100.10,56
5920374,1198,IOC,BUY,100.24,49
5926605,1199,LIMIT,SELL,100.30,76
5929803,1200,LIMIT,BUY,100.15,17
5938230,1201,IOC,BUY,100.23,85
5939392,1202,LIMIT,SELL,100.26,64
5947993,1203,LIMIT,BUY,100.12,61
5952489,1204,LIMIT,SELL,100.24,29
5955914,1205,LIMIT,BUY,100.13,74
5958589,1206,LIMIT,SELL,100.20,38
5965971,1207,LIMIT,BUY,100.14,55
5973462,1208,LIMIT,SELL,100.27,4
5976504,1209,LIMIT,BUY,100.15,65
5985005,1210,LIMIT,BUY,100.18,10
5991007,1211,LIMIT,BUY,100.13,25
6001003,1212,MARKET,SELL,,95
6010001,1213,CANCEL,,686,
6014718,1214,LIMIT,BUY,100.08,97
6015012,1215,LIMIT,SELL,100.15,30
6018829,1216,LIMIT,BUY,100.09,97
6026608,1217,LIMIT,SELL,100.22,55
6033551,1218,LIMIT,SELL,100.28,17
6038657,1219,CANCEL,,807,
6044324,1220,LIMIT,SELL,100.27,39
6049766,1221,LIMIT,BUY,100.20,73
6059745,1222,LIMIT,BUY,100.11,9
6068602,1223,LIMIT,BUY,100.13,12
6071510,1224,LIMIT,BUY,100.10,4
6074668,1225,IOC,BUY,100.13,85
6083359,1226,LIMIT,BUY,100.09,51
6086031,1227,LIMIT,BUY,100.09,27
6088259,1228,LIMIT,SELL,100.19,78
6097781,1229,LIMIT,SELL,100.21,26
6098002,1230,LIMIT,SELL,100.20,68
6103490,1231,IOC,BUY,100.14,37
6111066,1232,IOC,SELL,100.19,54
6115247,1233,LIMIT,BUY,100.13,90
6124663,1234,IOC,BUY,100.06,38
6125856,1235,LIMIT,BUY,100.06,16
6131997,1236,LIMIT,BUY,100.07,27
6140388,1237,LIMIT,SELL,100.17,96
6147030,1238,LIMIT,BUY,100.12,42
6154736,1239,LIMIT,SELL,100.19,18
6162549,1240,IOC,BUY,100.11,23
6167468,1241,LIMIT,BUY,100.10,87
6172044,1242,LIMIT,BUY,100.16,69
6175685,1243,CANCEL,,1177,
6177469,1244,LIMIT,BUY,100.14,99
6180874,1245,LIMIT,BUY,100.14,4
6181212,1246,LIMIT,SELL,100.13,86
6184062,1247,CANCEL,,1155,
6185926,1248,LIMIT,SELL,100.20,51
6193036,1249,LIMIT,BUY,100.14,84
6198317,1250,LIMIT,SELL,100.19,48
6199136,1251,LIMIT,SELL,100.09,92
6208020,1252,IOC,SELL,100.09,77
6213434,1253,LIMIT,SELL,100.10,43
6216406,1254,IOC,BUY,99.99,9
6221996,1255,LIMIT,SELL,100.10,30
6222443,1256,IOC,BUY,100.05,80
6223843,1257,LIMIT,BUY,100.10,31
6233741,1258,LIMIT,SELL,100.09,83
6234489,1259,MARKET,SELL,,37
6234977,1260,LIMIT,BUY,100.10,86
6239145,1261,LIMIT,BUY,100.02,42
6242252,1262,CANCEL,,1108,
6243498,1263,LIMIT,SELL,100.14,12
6246443,1264,IOC,SELL,100.13,55
6254195,1265,LIMIT,BUY,100.12,39
6258970,1266,MARKET,BUY,,62
6260380,1267,LIMIT,BUY,100.04,65
6267581,1268,IOC,SELL,100.08,55
6269044,1269,IOC,SELL,100.06,23
6273359,1270,LIMIT,BUY,100.03,10
6278918,1271,LIMIT,BUY,100.11,65
6285149,1272,IOC,SELL,100.17,50
6293269,1273,MARKET,BUY,,5
6295408,1274,LIMIT,BUY,100.06,99
6301219,1275,LIMIT,SELL,100.18,55
6305362,1276,CANCEL,,824,
6305924,1277,LIMIT,BUY,100.08,33
6310077,1278,MARKET,SELL,,2
6312089,1279,LIMIT,SELL,100.21,11
6320684,1280,IOC,BUY,100.06,65
6329519,1281,LIMIT,BUY,100.09,14
6339000,1282,LIMIT,BUY,100.04,90
6344147,1283,CANCEL,,174,
6351092,1284,LIMIT,SELL,100.07,24
6353392,1285,LIMIT,SELL,100.13,24
6356784,1286,LIMIT,SELL,100.18,14
6359605,1287,LIMIT,BUY,100.07,62
6367654,1288,LIMIT,BUY,100.05,86
6377296,1289,CANCEL,,493,
6385953,1290,LIMIT,SELL,100.11,63
6393806,1291,LIMIT,BUY,100.00,41
6397831,1292,LIMIT,BUY,100.08,43
6399572,1293,IOC,SELL,100.09,68
6404250,1294,LIMIT,BUY,100.01,66
6411118,1295,CANCEL,,739,
6411490,1296,IOC,SELL,100.17,30
6419528,1297,LIMIT,BUY,100.01,85
6421273,1298,LIMIT,BUY,100.13,74
6429640,1299,LIMIT,SELL,100.18,22
6437051,1300,LIMIT,SELL,100.13,97
6438616,1301,MARKET,BUY,,42
6444999,1302,LIMIT,BUY,100.08,86
6447323,1303,LIMIT,BUY,100.04,29
6456859,1304,LIMIT,SELL,100.17,84
6466165,1305,LIMIT,BUY,100.05,12
6468089,1306,IOC,SELL,100.05,49
6477641,1307,LIMIT,SELL,100.04,55
6482978,1308,LIMIT,SELL,100.02,78
6492757,1309,LIMIT,SELL,100.10,38
6496443,1310,LIMIT,SELL,100.02,90
6497105,1311,LIMIT,SELL,100.02,74
6505041,1312,LIMIT,BUY,100.06,43
6507642,1313,LIMIT,SELL,100.08,100
6510675,1314,LIMIT,BUY,100.04,3
6519752,1315,LIMIT,BUY,100.00,51
6521028,1316,LIMIT,SELL,100.03,51
6522722,1317,LIMIT,SELL,100.12,59
6525503,1318,LIMIT,BUY,100.03,28
6528808,1319,CANCEL,,1301,
6530578,1320,MARKET,BUY,,55
6533434,1321,LIMIT,SELL,100.07,16
6541978,1322,LIMIT,SELL,100.14,32
6542634,1323,LIMIT,BUY,100.04,84
6548884,1324,MARKET,SELL,,12
6556580,1325,LIMIT,BUY,100.01,2
6558646,1326,LIMIT,SELL,100.11,3
6568360,1327,LIMIT,BUY,99.97,24
6574750,1328,LIMIT,BUY,100.05,42
6575890,1329,IOC,SELL,100.08,51
6585100,1330,LIMIT,SELL,100.03,69
6587233,1331,LIMIT,SELL,100.03,89
6590281,1332,LIMIT,BUY,100.06,12
6599596,1333,LIMIT,BUY,100.11,47
6608615,1334,MARKET,SELL,,32
6613640,1335,LIMIT,BUY,100.06,67
6619509,1336,LIMIT,SELL,100.13,31
6620210,1337,LIMIT,SELL,100.22,71
6623849,1338,LIMIT,SELL,100.21,33
6628219,1339,IOC,BUY,100.14,87
6635287,1340,LIMIT,BUY,100.07,82
6638543,1341,LIMIT,SELL,100.15,54
6641157,1342,LIMIT,BUY,100.08,10
6645682,1343,LIMIT,SELL,100.07,12
6651726,1344,LIMIT,BUY,100.07,2
6653430,1345,MARKET,BUY,,14
6655553,1346,LIMIT,BUY,100.04,13
6664319,1347,LIMIT,BUY,100.10,7
6667216,1348,LIMIT,BUY,100.03,71
6677058,1349,LIMIT,SELL,100.21,92
6679705,1350,LIMIT,SELL,100.18,91
6683886,1351,LIMIT,BUY,100.06,60
6692214,1352,MARKET,SELL,,92
6696062,1353,IOC,SELL,100.18,12
6697464,1354,LIMIT,BUY,100.02,64
6697739,1355,LIMIT,SELL,100.19,64
6706276,1356,LIMIT,SELL,100.11,79
6709491,1357,LIMIT,SELL,100.17,32
6718243,1358,CANCEL,,1020,
6721104,1359,IOC,SELL,100.13,47
6723388,1360,MARKET,BUY,,49
6726281,1361,LIMIT,SELL,100.20,99
6728312,1362,LIMIT,BUY,100.16,73
6734861,1363,LIMIT,SELL,100.12,60
6742960,1364,LIMIT,BUY,100.10,93
6746110,1365,CANCEL,,981,
6754271,1366,LIMIT,SELL,100.16,1
6756920,1367,LIMIT,BUY,100.02,55
6760004,1368,LIMIT,SELL,100.16,21
6762395,1369,LIMIT,BUY,100.04,15
6765600,1370,LIMIT,BUY,100.07,21
6768960,1371,MARKET,SELL,,16
6775959,1372,LIMIT,SELL,100.05,65
6782429,1373,MARKET,SELL,,17
6785077,1374,CANCEL,,551,
6786029,1375,LIMIT,SELL,100.15,62
6790871,1376,LIMIT,BUY,99.99,24
6795058,1377,LIMIT,BUY,100.01,26
6802922,1378,IOC,SELL,100.11,25
6812708,1379,LIMIT,BUY,100.03,25
6815203,1380,LIMIT,BUY,100.11,68
6820323,1381,MARKET,BUY,,55
6828274,1382,LIMIT,BUY,100.05,92
6835223,1383,IOC,BUY,100.16,96
6840592,1384,LIMIT,SELL,100.10,33
6848741,1385,LIMIT,BUY,100.15,99
6850975,1386,LIMIT,BUY,100.02,78
6857163,1387,LIMIT,SELL,100.11,17
6867123,1388,LIMIT,SELL,100.15,25
6874526,1389,LIMIT,SELL,100.19,98
6877935,1390,LIMIT,BUY,100.06,98
6887215,1391,IOC,BUY,100.04,9
6895225,1392,IOC,SELL,100.07,36
6897437,1393,MARKET,BUY,,89
6900653,1394,LIMIT,SELL,100.13,22
6907925,1395,LIMIT,SELL,100.16,27
6911040,1396,LIMIT,SELL,100.16,65
6919742,1397,IOC,BUY,100.06,22
6923510,1398,CANCEL,,354,
6928160,1399,LIMIT,SELL,100.10,27
6937018,1400,LIMIT,SELL,100.12,11
6946117,1401,LIMIT,SELL,100.07,81
6946387,1402,LIMIT,SELL,100.06,69
6956043,1403,LIMIT,BUY,99.96,71
6959520,1404,LIMIT,BUY,99.99,20
6966928,1405,LIMIT,BUY,100.04,64
6970001,1406,IOC,BUY,100.03,83
6974722,1407,IOC,SELL,100.04,10
6981808,1408,IOC,SELL,100.01,18
6982101,1409,LIMIT,BUY,100.04,17
6986269,1410,LIMIT,SELL,100.06,14
6995255,1411,LIMIT,SELL,100.13,98
7004576,1412,IOC,BUY,100.01,8
7013581,1413,LIMIT,BUY,100.03,70
7018542,1414,IOC,BUY,100.06,4
7022355,1415,LIMIT,SELL,100.12,88
7024296,1416,MARKET,BUY,,37
7030250,1417,LIMIT,SELL,100.06,78
7032825,1418,LIMIT,SELL,100.09,86
7037865,1419,LIMIT,SELL,100.14,85
7044012,1420,IOC,SELL,100.06,20
7046513,1421,LIMIT,SELL,100.14,9
7048467,1422,MARKET,BUY,,12
7053859,1423,LIMIT,BUY,99.99,62
7060741,1424,LIMIT,BUY,100.02,50
7067700,1425,LIMIT,BUY,100.02,50
7069169,1426,LIMIT,SELL,100.10,90
7070698,1427,CANCEL,,46,
7076735,1428,MARKET,SELL,,8
7082558,1429,IOC,SELL,100.03,19
7091693,1430,IOC,BUY,100.05,96
7094050,1431,LIMIT,BUY,99.99,48
7095036,1432,LIMIT,BUY,100.03,4
7097542,1433,LIMIT,BUY,99.99,20
7100630,1434,LIMIT,SELL,100.14,53
7106256,1435,LIMIT,BUY,100.06,83
7106882,1436,LIMIT,BUY,99.99,88
7114425,1437,IOC,SELL,100.10,55
7117094,1438,LIMIT,BUY,100.02,52
7118111,1439,LIMIT,SELL,100.08,89
7125885,1440,LIMIT,BUY,100.05,48
7132935,1441,LIMIT,BUY,100.00,4
7136959,1442,LIMIT,BUY,100.01,25
7146097,1443,IOC,BUY,100.10,73
7146932,1444,LIMIT,BUY,100.01,2
7152875,1445,MARKET,SELL,,41
7159375,1446,MARKET,SELL,,13
7164903,1447,LIMIT,BUY,100.03,4
7174623,1448,LIMIT,SELL,100.05,20
7182310,1449,LIMIT,BUY,100.00,99
7185048,1450,LIMIT,SELL,100.12,99
7190741,1451,LIMIT,BUY,99.96,6
7197191,1452,MARKET,SELL,,20
7206579,1453,LIMIT,SELL,100.01,71
7208107,1454,LIMIT,BUY,100.01,36
7217652,1455,LIMIT,BUY,99.98,61
7221946,1456,LIMIT,SELL,100.13,63
7222694,1457,LIMIT,BUY,100.00,57
7228802,1458,LIMIT,BUY,100.06,65
7236276,1459,IOC,SELL,100.04,95
7240387,1460,LIMIT,BUY,100.06,21
7249828,1461,LIMIT,BUY,100.01,45
7257560,1462,LIMIT,SELL,100.02,94
7259435,1463,IOC,SELL,100.01,9
7264733,1464,LIMIT,BUY,100.01,36
7272280,1465,LIMIT,BUY,99.91,100
7278610,1466,MARKET,BUY,,28
7279085,1467,LIMIT,BUY,100.01,19
7280319,1468,LIMIT,SELL,100.10,68
7283926,1469,LIMIT,SELL,100.00,44
7288890,1470,LIMIT,BUY,100.00,90
7296146,1471,LIMIT,BUY,100.07,26
7297520,1472,LIMIT,BUY,99.97,2
7300085,1473,IOC,BUY,99.96,34
7308716,1474,MARKET,SELL,,17
7316177,1475,LIMIT,BUY,99.99,54
7325224,1476,LIMIT,BUY,99.99,87
7334774,1477,LIMIT,BUY,99.98,65
7336917,1478,LIMIT,BUY,99.97,70
7343994,1479,LIMIT,BUY,100.06,48
7346992,1480,LIMIT,BUY,99.96,82
7351732,1481,IOC,SELL,100.03,14
7353300,1482,LIMIT,BUY,99.93,70
7355033,1483,LIMIT,SELL,100.10,28
7358784,1484,LIMIT,BUY,100.01,45
7366485,1485,IOC,SELL,100.04,48
7370253,1486,LIMIT,SELL,100.10,87
7374310,1487,CANCEL,,367,
7380544,1488,LIMIT,SELL,100.07,74
7387689,1489,MARKET,BUY,,83
7394233,1490,IOC,SELL,99.99,50
7397179,1491,LIMIT,BUY,100.01,65
7399218,1492,LIMIT,SELL,100.09,71
7401923,1493,LIMIT,BUY,99.94,20
7402478,1494,LIMIT,SELL,100.05,96
7404716,1495,LIMIT,SELL,99.99,29
7409680,1496,IOC,SELL,100.11,99
7414047,1497,LIMIT,SELL,100.14,14
7415964,1498,LIMIT,BUY,100.01,12
7417331,1499,LIMIT,SELL,100.12,3
7424209,1500,LIMIT,BUY,99.95,21
7427254,1501,IOC,SELL,100.04,16
7432970,1502,LIMIT,SELL,100.06,67
7437239,1503,LIMIT,BUY,100.07,98
7439835,1504,LIMIT,SELL,100.02,29
7441302,1505,IOC,BUY,100.01,45
7450437,1506,LIMIT,SELL,100.10,25
7454634,1507,LIMIT,SELL,100.10,14
7464296,1508,LIMIT,BUY,99.95,56
7471705,1509,LIMIT,SELL,100.13,50
7478838,1510,LIMIT,SELL,100.11,22
7479491,1511,LIMIT,BUY,99.94,46
7486116,1512,LIMIT,BUY,99.97,85
7492305,1513,LIMIT,BUY,100.00,92
7497793,1514,LIMIT,BUY,99.99,50
7502539,1515,LIMIT,BUY,99.91,86
7503864,1516,LIMIT,SELL,100.07,26
7507193,1517,CANCEL,,639,
7514194,1518,LIMIT,SELL,100.07,74
7514642,1519,LIMIT,SELL,100.11,37
7516889,1520,LIMIT,SELL,100.04,44
7517255,1521,LIMIT,BUY,99.94,11
7526471,1522,LIMIT,BUY,99.93,64
7528560,1523,IOC,BUY,100.00,18
7530382,1524,IOC,SELL,100.03,25
7536525,1525,LIMIT,BUY,100.00,34
7537330,1526,IOC,BUY,99.91,49
7541852,1527,IOC,SELL,99.99,19
7551522,1528,MARKET,BUY,,58
7553626,1529,LIMIT,BUY,99.96,42
7561634,1530,LIMIT,BUY,100.05,32
7565107,1531,LIMIT,BUY,99.97,60
7571515,1532,LIMIT,BUY,99.92,66
7576749,1533,LIMIT,BUY,100.05,14
7578979,1534,LIMIT,SELL,100.10,26
7585635,1535,LIMIT,BUY,99.91,83
7587407,1536,IOC,SELL,100.09,24
7591877,1537,LIMIT,SELL,100.00,28
7594444,1538,LIMIT,BUY,99.97,13
7595349,1539,LIMIT,BUY,99.96,23
7605181,1540,LIMIT,SELL,100.03,83
7609359,1541,LIMIT,BUY,100.05,31
7610537,1542,LIMIT,SELL,100.10,51
7617074,1543,LIMIT,SELL,100.07,22
7620509,1544,LIMIT,SELL,100.05,24
7628854,1545,LIMIT,SELL,100.07,22
7634116,1546,LIMIT,BUY,100.02,86
7641991,1547,CANCEL,,616,
7643352,1548,LIMIT,BUY,99.95,75
7643468,1549,LIMIT,BUY,99.93,88
7648330,1550,LIMIT,BUY,100.03,13
7653420,1551,LIMIT,BUY,99.94,33
7661490,1552,LIMIT,SELL,100.09,67
7671350,1553,LIMIT,SELL,100.06,53
7675058,1554,LIMIT,BUY,99.96,47
7678538,1555,LIMIT,SELL,100.08,81
7687565,1556,LIMIT,SELL,100.08,87
7693380,1557,LIMIT,BUY,99.98,25
7694153,1558,LIMIT,SELL,100.00,73
7699938,1559,MARKET,BUY,,88
7702448,1560,LIMIT,SELL,100.06,39
7710524,1561,LIMIT,BUY,100.05,76
7712646,1562,LIMIT,SELL,100.02,18
7718483,1563,LIMIT,SELL,100.13,20
7719992,1564,LIMIT,SELL,100.06,38
7723677,1565,IOC,SELL,100.07,34
7728725,1566,LIMIT,BUY,99.95,18
7732093,1567,LIMIT,BUY,100.00,73
7739748,1568,LIMIT,SELL,100.08,68
7747088,1569,LIMIT,SELL,100.11,55
7754831,1570,LIMIT,BUY,99.98,12
7757234,1571,LIMIT,BUY,100.02,80
7766234,1572,IOC,BUY,100.02,52
7766431,1573,LIMIT,SELL,100.07,8
7770957,1574,LIMIT,BUY,100.07,73
7778945,1575,IOC,BUY,99.96,95
7779913,1576,LIMIT,SELL,100.08,29
7782548,1577,LIMIT,SELL,100.02,80
7785936,1578,CANCEL,,1371,
7788019,1579,LIMIT,BUY,100.09,57
7794520,1580,LIMIT,SELL,100.12,34
7801814,1581,LIMIT,BUY,100.00,19
7805857,1582,LIMIT,SELL,100.08,38
7807595,1583,LIMIT,SELL,100.05,60
7814525,1584,LIMIT,BUY,100.06,2
7824136,1585,LIMIT,SELL,100.04,46
7826518,1586,LIMIT,BUY,99.97,65
7834862,1587,IOC,SELL,100.06,84
7837442,1588,LIMIT,BUY,100.00,36
7842505,1589,LIMIT,SELL,100.11,78
7845560,1590,IOC,SELL,100.06,90
7850969,1591,LIMIT,SELL,100.05,6
7851552,1592,LIMIT,BUY,100.08,61
7856954,1593,MARKET,SELL,,94
7860930,1594,IOC,SELL,100.10,9
7862044,1595,LIMIT,SELL,100.01,78
7862626,1596,LIMIT,SELL,100.13,72
7865998,1597,LIMIT,SELL,100.06,56
7874757,1598,LIMIT,SELL,100.05,27
7875401,1599,IOC,BUY,99.94,10
7881083,1600,LIMIT,SELL,100.11,25
7884582,1601,LIMIT,BUY,99.94,18
7885782,1602,LIMIT,SELL,100.06,67
7890768,1603,LIMIT,BUY,100.02,29
7895617,1604,LIMIT,SELL,100.02,37
7896942,1605,LIMIT,SELL,100.08,52
7897970,1606,IOC,SELL,100.08,84
7898561,1607,LIMIT,SELL,100.04,71
7904061,1608,LIMIT,SELL,100.07,73
7904740,1609,LIMIT,BUY,100.03,71
7912684,1610,LIMIT,BUY,100.09,29
7918522,1611,LIMIT,SELL,100.06,8
7919053,1612,IOC,SELL,100.06,71
7927052,1613,LIMIT,SELL,100.10,57
7929085,1614,MARKET,BUY,,25
7934806,1615,LIMIT,BUY,100.04,53
7943691,1616,MARKET,BUY,,93
7947885,1617,LIMIT,BUY,100.08,41
7953713,1618,IOC,SELL,100.05,62
7955818,1619,LIMIT,SELL,100.14,29
7963184,1620,IOC,SELL,100.12,68
7967667,1621,LIMIT,BUY,100.01,91
7975733,1622,LIMIT,BUY,100.04,40
7984892,1623,LIMIT,SELL,100.07,90
7992205,1624,LIMIT,BUY,100.07,35
7996859,1625,LIMIT,SELL,100.04,50
8005074,1626,LIMIT,BUY,100.03,69
8006030,1627,CANCEL,,802,
8006555,1628,LIMIT,BUY,100.05,97
8016337,1629,CANCEL,,1411,
8023548,1630,LIMIT,SELL,100.12,71
8030006,1631,IOC,BUY,100.01,60
8037050,1632,LIMIT,SELL,100.07,60
8041053,1633,CANCEL,,1540,
8045648,1634,LIMIT,SELL,100.05,47
8050151,1635,LIMIT,SELL,100.09,40
8059564,1636,IOC,SELL,100.08,57
8059809,1637,MARKET,BUY,,72
8063478,1638,LIMIT,BUY,99.98,41
8064627,1639,LIMIT,SELL,100.15,17
8068453,1640,LIMIT,SELL,100.07,84
8069183,1641,LIMIT,BUY,99.98,92
8073017,1642,CANCEL,,815,
8081971,1643,LIMIT,BUY,100.12,15
8090443,1644,LIMIT,SELL,100.09,83
8097530,1645,LIMIT,BUY,100.01,53
8103769,1646,MARKET,SELL,,21
8109903,1647,CANCEL,,1386,
8113467,1648,LIMIT,SELL,100.14,92
8119203,1649,LIMIT,SELL,100.07,49
8120588,1650,MARKET,SELL,,73
8128937,1651,LIMIT,SELL,100.06,68
8129879,1652,LIMIT,SELL,100.08,74
8134780,1653,LIMIT,SELL,100.08,59
8140037,1654,LIMIT,BUY,99.97,47
8141442,1655,LIMIT,SELL,100.14,30
8148897,1656,LIMIT,SELL,100.13,32
8155675,1657,LIMIT,SELL,100.10,41
8157707,1658,MARKET,SELL,,81
8161052,1659,IOC,BUY,100.09,98
8170238,1660,LIMIT,BUY,100.00,4
8173073,1661,LIMIT,SELL,100.14,46
8175261,1662,LIMIT,SELL,100.05,76
8177126,1663,CANCEL,,821,
8184580,1664,LIMIT,SELL,100.15,90
8186885,1665,LIMIT,SELL,100.16,11
8189479,1666,LIMIT,BUY,100.00,42
8196764,1667,LIMIT,BUY,100.03,39
8204946,1668,LIMIT,SELL,100.14,37
8210334,1669,LIMIT,SELL,100.02,94
8213885,1670,LIMIT,SELL,100.13,37
8216698,1671,LIMIT,BUY,100.02,34
8218536,1672,LIMIT,BUY,99.98,97
8221402,1673,LIMIT,BUY,100.03,48
8224830,1674,IOC,BUY,100.01,59
8229762,1675,LIMIT,SELL,100.01,64
8234171,1676,LIMIT,BUY,100.00,96
8237915,1677,LIMIT,SELL,100.11,87
8239228,1678,LIMIT,SELL,100.11,41
8242447,1679,LIMIT,SELL,99.97,81
8242677,1680,LIMIT,SELL,100.06,34
8250479,1681,IOC,SELL,100.06,82
8252032,1682,IOC,SELL,100.02,63
8261269,1683,LIMIT,BUY,99.92,49
8270935,1684,LIMIT,SELL,100.07,30
8275821,1685,LIMIT,SELL,100.11,62
8280761,1686,LIMIT,BUY,99.93,15
8283747,1687,LIMIT,BUY,99.97,100
8291772,1688,IOC,SELL,100.01,38
8296261,1689,IOC,SELL,99.98,34
8301564,1690,IOC,BUY,99.99,35
8309618,1691,LIMIT,SELL,100.07,29
8319097,1692,LIMIT,SELL,99.96,79
8324598,1693,LIMIT,SELL,99.97,12
8330158,1694,LIMIT,SELL,100.09,27
8336190,1695,MARKET,SELL,,51
8340047,1696,LIMIT,BUY,99.91,94
8344221,1697,CANCEL,,54,
8352948,1698,LIMIT,BUY,100.02,4
8356816,1699,LIMIT,BUY,99.93,84
8363481,1700,LIMIT,BUY,100.00,65
8370386,1701,LIMIT,SELL,99.95,40
8375789,1702,LIMIT,BUY,99.97,34
8385329,1703,LIMIT,BUY,99.90,36
8393348,1704,LIMIT,SELL,100.07,94
8399897,1705,LIMIT,SELL,100.09,4
8406507,1706,LIMIT,BUY,100.01,43
8408962,1707,MARKET,BUY,,22
8412464,1708,LIMIT,BUY,100.03,61
8421139,1709,LIMIT,BUY,99.94,53
8426341,1710,IOC,BUY,99.89,53
8426532,1711,LIMIT,SELL,100.07,41
8430494,1712,LIMIT,SELL,100.01,14
8437568,1713,LIMIT,SELL,99.94,16
8440390,1714,IOC,BUY,99.91,22
8449084,1715,LIMIT,SELL,100.04,16
8456318,1716,LIMIT,SELL,100.05,79
8462506,1717,LIMIT,BUY,99.89,92
8468688,1718,LIMIT,BUY,99.96,22
8477379,1719,LIMIT,BUY,100.02,9
8477570,1720,LIMIT,SELL,100.05,13
8478671,1721,LIMIT,BUY,99.95,45
8479002,1722,LIMIT,SELL,100.09,94
8484111,1723,LIMIT,SELL,100.03,10
8493920,1724,LIMIT,BUY,99.97,17
8502577,1725,LIMIT,BUY,99.89,78
8507219,1726,LIMIT,SELL,100.03,22
8507362,1727,MARKET,BUY,,79
8509862,1728,LIMIT,BUY,99.99,18
8518345,1729,LIMIT,BUY,99.97,31
8527622,1730,LIMIT,SELL,100.08,41
8536416,1731,IOC,SELL,100.05,72
8543751,1732,LIMIT,SELL,100.05,84
8549555,1733,IOC,SELL,100.04,94
8556603,1734,LIMIT,SELL,100.05,48
8559635,1735,MARKET,BUY,,47
8568353,1736,LIMIT,BUY,99.93,65
8568665,1737,CANCEL,,643,
8576608,1738,MARKET,SELL,,36
8577645,1739,IOC,SELL,100.08,81
8585191,1740,LIMIT,SELL,100.00,5
8591345,1741,LIMIT,SELL,99.92,16
8592363,1742,LIMIT,BUY,99.90,25
8592736,1743,LIMIT,SELL,99.98,76
8598836,1744,IOC,BUY,99.94,9
8602097,1745,LIMIT,SELL,99.92,6
8606711,1746,LIMIT,BUY,99.94,40
8611296,1747,LIMIT,BUY,99.93,73
8618981,1748,LIMIT,BUY,99.93,99
8621855,1749,LIMIT,BUY,99.99,32
8626997,1750,LIMIT,SELL,99.89,17
8632184,1751,LIMIT,SELL,99.99,35
8635548,1752,LIMIT,SELL,100.03,46
8645129,1753,LIMIT,SELL,99.98,5
8654817,1754,LIMIT,BUY,99.89,83
8659646,1755,LIMIT,SELL,100.00,12
8668155,1756,LIMIT,BUY,99.95,67
8671309,1757,LIMIT,BUY,99.85,5
8676690,1758,LIMIT,SELL,99.92,61
8682273,1759,IOC,BUY,99.92,60
8691331,1760,CANCEL,,1406,
8698909,1761,LIMIT,SELL,99.99,33
8705123,1762,LIMIT,BUY,99.96,98
8713529,1763,LIMIT,BUY,99.85,4
8716316,1764,IOC,SELL,100.04,26
8725721,1765,LIMIT,BUY,99.93,40
8728138,1766,LIMIT,BUY,99.96,26
8731057,1767,LIMIT,BUY,99.93,93
8735166,1768,LIMIT,SELL,99.94,45
8736902,1769,LIMIT,SELL,100.02,60
8740979,1770,LIMIT,BUY,99.92,52
8746438,1771,IOC,SELL,100.02,69
8747712,1772,LIMIT,SELL,99.91,23
8751664,1773,LIMIT,SELL,100.02,10
8755533,1774,LIMIT,BUY,99.89,50
8758580,1775,LIMIT,BUY,99.94,34
8765589,1776,LIMIT,SELL,99.95,45
8767350,1777,LIMIT,SELL,99.94,74
8775756,1778,LIMIT,BUY,99.88,55
8776749,1779,LIMIT,SELL,100.03,65
8782957,1780,LIMIT,SELL,99.97,23
8790004,1781,LIMIT,SELL,99.93,91
8799773,1782,LIMIT,SELL,100.02,7
8807487,1783,LIMIT,BUY,99.85,88
8813637,1784,LIMIT,BUY,99.86,35
8816665,1785,LIMIT,BUY,99.94,77
8818594,1786,CANCEL,,1670,
8825185,1787,LIMIT,BUY,99.87,56
8829785,1788,LIMIT,SELL,100.04,73
8837395,1789,CANCEL,,1390,
8839151,1790,MARKET,BUY,,82
8844198,1791,CANCEL,,1689,
8848506,1792,LIMIT,BUY,99.95,25
8857959,1793,LIMIT,SELL,100.01,89
8858859,1794,LIMIT,SELL,100.00,36
8867176,1795,LIMIT,SELL,100.02,1
8873947,1796,LIMIT,SELL,100.05,77
8879259,1797,LIMIT,BUY,99.86,59
8888991,1798,LIMIT,SELL,100.05,2
8894709,1799,LIMIT,BUY,99.88,27
8903529,1800,LIMIT,BUY,100.00,11
8911600,1801,LIMIT,BUY,99.90,39
8916481,1802,LIMIT,BUY,100.00,22
8922342,1803,LIMIT,SELL,100.01,72
8930482,1804,LIMIT,SELL,99.98,13
8937065,1805,MARKET,SELL,,23
8939771,1806,MARKET,SELL,,71
8946564,1807,LIMIT,SELL,100.02,81
8948394,1808,LIMIT,SELL,100.05,69
8957218,1809,IOC,BUY,99.88,21
8960228,1810,CANCEL,,775,
8967930,1811,LIMIT,BUY,99.89,54
8974752,1812,CANCEL,,527,
8977122,1813,LIMIT,BUY,99.89,3
8982547,1814,LIMIT,SELL,100.02,3
8992499,1815,LIMIT,SELL,99.99,59
8998645,1816,LIMIT,BUY,99.92,42
9000918,1817,IOC,BUY,99.92,88
9010901,1818,LIMIT,BUY,99.94,78
9016428,1819,IOC,BUY,99.94,1
9017057,1820,LIMIT,SELL,100.03,10
9023990,1821,IOC,SELL,100.06,83
9032841,1822,LIMIT,SELL,99.93,93
9033594,1823,LIMIT,SELL,100.03,16
9035391,1824,LIMIT,SELL,99.98,93
9038259,1825,LIMIT,BUY,99.88,27
9042692,1826,IOC,BUY,99.89,44
9047630,1827,LIMIT,BUY,99.89,77
9048315,1828,LIMIT,BUY,99.88,73
9054357,1829,LIMIT,SELL,99.99,61
9061663,1830,LIMIT,SELL,99.90,38
9068058,1831,LIMIT,SELL,99.97,75
9068355,1832,LIMIT,SELL,100.01,62
9071246,1833,LIMIT,SELL,100.03,48
9077538,1834,LIMIT,BUY,99.91,62
9083861,1835,LIMIT,BUY,99.96,100
9085920,1836,LIMIT,BUY,99.91,96
9094607,1837,LIMIT,BUY,99.97,13
9100105,1838,LIMIT,SELL,100.01,11
9101122,1839,LIMIT,BUY,99.89,89
9105237,1840,LIMIT,BUY,99.87,71
9109883,1841,IOC,BUY,99.80,39
9110980,1842,LIMIT,SELL,99.91,69
9111916,1843,LIMIT,BUY,99.89,61
9115250,1844,LIMIT,SELL,99.88,93
9122602,1845,LIMIT,SELL,99.94,1
9126826,1846,LIMIT,BUY,99.90,62
9135350,1847,LIMIT,BUY,99.80,36
9144645,1848,LIMIT,BUY,99.83,63
9144851,1849,MARKET,BUY,,21
9147880,1850,LIMIT,SELL,99.98,24
9151151,1851,LIMIT,BUY,99.83,99
9159941,1852,LIMIT,SELL,99.92,42
9162603,1853,LIMIT,BUY,99.94,21
9168038,1854,MARKET,SELL,,54
9172551,1855,LIMIT,SELL,99.95,19
9177668,1856,LIMIT,SELL,99.96,73
9184215,1857,CANCEL,,936,
9185221,1858,LIMIT,SELL,99.94,3
9188634,1859,LIMIT,BUY,99.83,55
9194999,1860,LIMIT,BUY,99.80,57
9199587,1861,LIMIT,BUY,99.79,61
9200440,1862,LIMIT,SELL,99.93,36
9210142,1863,LIMIT,SELL,99.95,57
9214898,1864,LIMIT,SELL,99.96,20
9217462,1865,LIMIT,SELL,99.95,74
9226517,1866,LIMIT,SELL,99.90,18
9227731,1867,LIMIT,SELL,99.95,99
9235135,1868,LIMIT,BUY,99.83,43
9238495,1869,LIMIT,BUY,99.88,18
9240547,1870,LIMIT,SELL,99.98,8
9249039,1871,LIMIT,SELL,99.95,69
9257200,1872,LIMIT,BUY,99.89,72
9259140,1873,LIMIT,SELL,99.86,79
9262367,1874,LIMIT,BUY,99.81,95
9264960,1875,LIMIT,SELL,99.98,100
9272144,1876,LIMIT,BUY,99.82,3
9272383,1877,LIMIT,BUY,99.83,69
9279982,1878,LIMIT,SELL,99.99,20
9283176,1879,LIMIT,BUY,99.93,6
9285362,1880,MARKET,BUY,,41
9289232,1881,LIMIT,BUY,99.85,28
9295153,1882,IOC,BUY,99.86,49
9296059,1883,LIMIT,BUY,99.88,12
9299027,1884,LIMIT,SELL,99.89,16
9307140,1885,LIMIT,SELL,99.94,12
9315545,1886,LIMIT,BUY,99.89,49
9322526,1887,IOC,BUY,99.88,56
9327552,1888,LIMIT,SELL,99.98,3
9332152,1889,IOC,BUY,99.87,73
9332403,1890,LIMIT,SELL,99.91,77
9335940,1891,LIMIT,BUY,99.87,54
9338864,1892,LIMIT,BUY,99.87,47
9340756,1893,CANCEL,,480,
9345870,1894,LIMIT,SELL,99.91,4
9351402,1895,LIMIT,BUY,99.82,49
9361307,1896,LIMIT,BUY,99.87,12
9368286,1897,LIMIT,BUY,99.82,57
9370588,1898,IOC,BUY,99.86,17
9375978,1899,LIMIT,SELL,99.99,64
9385437,1900,LIMIT,BUY,99.87,85
9386883,1901,LIMIT,BUY,99.87,29
9391089,1902,LIMIT,BUY,99.81,67
9399657,1903,IOC,SELL,99.88,48
9402136,1904,IOC,BUY,99.84,81
9403022,1905,MARKET,BUY,,82
9403680,1906,LIMIT,BUY,99.94,62
9409414,1907,IOC,SELL,99.95,59
9413819,1908,LIMIT,BUY,99.85,44
9416971,1909,IOC,BUY,99.89,86
9422680,1910,LIMIT,SELL,99.92,70
9424848,1911,LIMIT,SELL,99.90,40
9432362,1912,MARKET,BUY,,65
9435453,1913,IOC,SELL,99.87,29
9435826,1914,LIMIT,SELL,100.02,68
9444528,1915,LIMIT,SELL,100.01,21
9446268,1916,LIMIT,SELL,99.98,70
9453315,1917,LIMIT,SELL,100.00,50
9461963,1918,IOC,BUY,99.97,1
9463289,1919,LIMIT,BUY,99.85,77
9464483,1920,LIMIT,SELL,100.00,51
9467195,1921,LIMIT,BUY,99.94,29
9471820,1922,LIMIT,SELL,99.99,27
9479184,1923,LIMIT,BUY,99.87,40
9487873,1924,LIMIT,BUY,99.91,16
9496840,1925,LIMIT,BUY,99.90,35
9497611,1926,IOC,BUY,99.86,22
9505694,1927,LIMIT,BUY,99.86,77
9511734,1928,IOC,BUY,99.89,54
9512762,1929,IOC,BUY,99.91,33
9521182,1930,LIMIT,BUY,99.95,13
9529237,1931,LIMIT,SELL,99.98,100
9537330,1932,IOC,BUY,99.89,6
9547287,1933,IOC,SELL,99.96,16
9551296,1934,LIMIT,SELL,100.03,92
9552049,1935,LIMIT,SELL,100.05,5
9558681,1936,LIMIT,SELL,99.97,28
9568069,1937,LIMIT,BUY,99.89,4
9575650,1938,LIMIT,SELL,100.00,36
9583057,1939,LIMIT,SELL,99.99,27
9592307,1940,LIMIT,BUY,99.90,100
9595225,1941,IOC,BUY,99.92,41
9600335,1942,LIMIT,SELL,100.04,82
9603485,1943,LIMIT,SELL,100.02,57
9609507,1944,MARKET,BUY,,15
9612716,1945,IOC,SELL,100.05,69
9615730,1946,LIMIT,BUY,100.00,85
9622459,1947,LIMIT,BUY,99.93,50
9624256,1948,LIMIT,SELL,100.06,73
9625702,1949,LIMIT,SELL,99.99,86
9630287,1950,MARKET,BUY,,29
9637601,1951,LIMIT,BUY,99.92,79
9645618,1952,LIMIT,SELL,100.00,24
9654214,1953,LIMIT,SELL,99.98,91
9660277,1954,LIMIT,BUY,99.89,41
9669230,1955,MARKET,BUY,,90
9673375,1956,LIMIT,BUY,99.84,91
9681269,1957,LIMIT,SELL,99.99,92
9690446,1958,LIMIT,BUY,99.85,80
9697720,1959,LIMIT,SELL,99.89,58
9706978,1960,IOC,BUY,99.91,88
9712884,1961,LIMIT,SELL,99.92,63
9720042,1962,IOC,SELL,100.04,40
9728963,1963,LIMIT,BUY,99.87,53
9731426,1964,MARKET,SELL,,1
9732393,1965,LIMIT,BUY,99.86,9
9741172,1966,LIMIT,BUY,99.93,24
9741755,1967,LIMIT,BUY,99.99,74
9748202,1968,LIMIT,BUY,99.93,13
9753400,1969,LIMIT,SELL,99.99,34
9760076,1970,LIMIT,SELL,99.93,97
9761716,1971,CANCEL,,1388,
9762813,1972,LIMIT,BUY,100.00,2
9762989,1973,LIMIT,SELL,100.02,9
9765913,1974,LIMIT,BUY,99.90,13
9768547,1975,LIMIT,SELL,99.99,65
9771085,1976,LIMIT,SELL,99.98,40
9775959,1977,LIMIT,SELL,99.96,64
9779223,1978,MARKET,SELL,,59
9788301,1979,LIMIT,SELL,99.98,44
9792435,1980,LIMIT,SELL,99.93,6
9798405,1981,LIMIT,SELL,99.95,12
9803756,1982,LIMIT,SELL,100.08,83
9807148,1983,LIMIT,SELL,100.06,52
9814377,1984,LIMIT,BUY,99.91,79
9820847,1985,MARKET,SELL,,99
9821850,1986,CANCEL,,220,
9826981,1987,LIMIT,SELL,99.97,95
9827866,1988,CANCEL,,710,
9834272,1989,MARKET,BUY,,88
9841479,1990,LIMIT,BUY,99.98,28
9843195,1991,LIMIT,BUY,99.95,64
9846682,1992,LIMIT,BUY,99.97,38
9846859,1993,LIMIT,SELL,100.02,50
9850700,1994,IOC,BUY,100.00,80
9855030,1995,LIMIT,SELL,100.04,27
9859596,1996,CANCEL,,1863,
9866473,1997,IOC,BUY,99.94,77
9866743,1998,LIMIT,SELL,100.03,10
9868717,1999,IOC,BUY,100.01,22
9873019,2000,LIMIT,SELL,100.04,37
9882459,2001,LIMIT,BUY,99.95,12
9891648,2002,LIMIT,SELL,99.96,14
9893573,2003,IOC,BUY,99.97,31
9900815,2004,LIMIT,BUY,99.98,85
9909166,2005,LIMIT,BUY,99.89,2
9911768,2006,MARKET,SELL,,45
9919437,2007,LIMIT,BUY,100.01,65
9920579,2008,LIMIT,BUY,99.98,57
9921815,2009,LIMIT,BUY,100.03,41
9922844,2010,LIMIT,SELL,99.94,22
9928214,2011,LIMIT,BUY,99.92,1
9937533,2012,LIMIT,BUY,99.92,70
9938844,2013,LIMIT,BUY,99.97,96
9942837,2014,LIMIT,BUY,99.97,62
9945446,2015,IOC,BUY,100.02,50
9949760,2016,LIMIT,BUY,100.02,6
9957395,2017,IOC,SELL,100.08,81
9963277,2018,LIMIT,SELL,100.13,57
9969741,2019,LIMIT,SELL,100.01,27
9973871,2020,LIMIT,BUY,99.95,47
9981562,2021,LIMIT,BUY,100.01,51
9983977,2022,LIMIT,BUY,99.95,53
9984910,2023,LIMIT,SELL,100.14,56
9987964,2024,CANCEL,,489,
9994387,2025,LIMIT,SELL,100.08,83
10001071,2026,IOC,BUY,100.01,95
10003310,2027,LIMIT,SELL,100.14,95
10003988,2028,LIMIT,BUY,100.05,43
10005561,2029,IOC,BUY,100.06,40
10006742,2030,IOC,SELL,100.13,44
10009712,2031,LIMIT,SELL,100.08,21
10016614,2032,IOC,BUY,99.97,90
10021321,2033,IOC,SELL,100.08,57
10023011,2034,LIMIT,BUY,100.02,99
10023437,2035,MARKET,BUY,,57
10033119,2036,LIMIT,BUY,99.95,45
10038785,2037,IOC,BUY,100.07,87
10045334,2038,LIMIT,SELL,100.09,82
10050688,2039,LIMIT,SELL,100.13,3
10060459,2040,LIMIT,SELL,100.03,67
10060943,2041,IOC,BUY,100.00,34
10068398,2042,LIMIT,BUY,99.97,85
10069812,2043,CANCEL,,1965,
10070086,2044,CANCEL,,888,
10073456,2045,LIMIT,BUY,99.98,43
10079565,2046,IOC,SELL,100.11,17
10085337,2047,LIMIT,BUY,99.97,86
10086826,2048,IOC,SELL,100.06,17
10088679,2049,LIMIT,BUY,100.01,100
10090210,2050,CANCEL,,35,
10095899,2051,LIMIT,BUY,99.97,81
10101420,2052,LIMIT,BUY,100.01,96
10102849,2053,LIMIT,BUY,100.01,27
10103768,2054,LIMIT,SELL,100.04,91
10111983,2055,LIMIT,BUY,100.04,57
10115112,2056,LIMIT,SELL,100.14,74
10118314,2057,LIMIT,BUY,100.07,97
10122144,2058,LIMIT,SELL,100.14,82
10126920,2059,LIMIT,BUY,100.04,84
10131143,2060,LIMIT,BUY,100.04,80
10138289,2061,MARKET,SELL,,41
10148025,2062,IOC,SELL,100.08,73
10152424,2063,LIMIT,BUY,100.00,64
10157443,2064,LIMIT,SELL,100.02,22
10158242,2065,LIMIT,SELL,100.13,60
10165950,2066,LIMIT,SELL,100.07,18
10171239,2067,IOC,BUY,99.99,85
10174169,2068,IOC,BUY,100.09,20
10178707,2069,CANCEL,,917,
10181400,2070,MARKET,SELL,,30
10184612,2071,LIMIT,BUY,100.03,63
10185691,2072,LIMIT,SELL,100.16,38
10188108,2073,IOC,SELL,100.07,40
10190806,2074,LIMIT,SELL,100.16,17
10199583,2075,LIMIT,SELL,100.12,73
10207441,2076,LIMIT,BUY,100.04,41
10215342,2077,LIMIT,SELL,100.12,17
10220714,2078,LIMIT,SELL,100.18,31
10224895,2079,LIMIT,BUY,100.06,50
10227425,2080,LIMIT,BUY,100.03,9
10234889,2081,LIMIT,SELL,100.14,100
10235956,2082,LIMIT,BUY,99.98,62
10245261,2083,LIMIT,BUY,99.98,69
10248638,2084,LIMIT,SELL,100.10,38
10249730,2085,LIMIT,SELL,100.15,55
10250008,2086,LIMIT,BUY,100.13,98
10257012,2087,LIMIT,BUY,100.12,98
10262258,2088,LIMIT,BUY,100.01,37
10265026,2089,LIMIT,BUY,100.11,71
10272942,2090,LIMIT,SELL,100.16,83
10278348,2091,LIMIT,SELL,100.07,42
10287715,2092,CANCEL,,1184,
10288730,2093,LIMIT,BUY,100.06,20
10290505,2094,IOC,BUY,100.03,44
10291934,2095,LIMIT,BUY,100.00,54
10298521,2096,LIMIT,BUY,100.06,15
10302893,2097,LIMIT,SELL,100.04,90
10306687,2098,CANCEL,,1727,
10310598,2099,MARKET,BUY,,41
10315989,2100,LIMIT,BUY,100.04,64
10316474,2101,LIMIT,SELL,100.05,5
10319995,2102,LIMIT,BUY,100.11,66
10322784,2103,LIMIT,BUY,99.99,37
10327236,2104,LIMIT,BUY,99.99,33
10332816,2105,IOC,BUY,100.01,4
10340215,2106,LIMIT,SELL,100.12,15
10340997,2107,LIMIT,SELL,100.19,95
10345989,2108,LIMIT,SELL,100.15,60
10346979,2109,LIMIT,SELL,100.13,66
10347469,2110,LIMIT,BUY,100.01,93
10353935,2111,LIMIT,BUY,100.01,62
10363223,2112,LIMIT,SELL,100.11,79
10365080,2113,IOC,SELL,100.14,1
10370151,2114,LIMIT,SELL,100.07,28
10373376,2115,LIMIT,BUY,100.08,39
10374049,2116,LIMIT,BUY,100.05,16
10374646,2117,IOC,BUY,100.14,31
10382204,2118,LIMIT,SELL,100.19,62
10383340,2119,LIMIT,BUY,100.08,5
10391589,2120,LIMIT,BUY,100.09,85
10392721,2121,IOC,SELL,100.13,35
10393220,2122,MARKET,BUY,,89
10400659,2123,MARKET,BUY,,73
10407891,2124,LIMIT,SELL,100.10,37
10413955,2125,IOC,SELL,100.17,93
10423082,2126,LIMIT,SELL,100.21,52
10429278,2127,LIMIT,BUY,100.03,87
10438262,2128,MARKET,BUY,,33
10440617,2129,LIMIT,BUY,100.08,6
10446344,2130,IOC,SELL,100.20,81
10449056,2131,LIMIT,SELL,100.18,11
10456020,2132,MARKET,SELL,,67
10457820,2133,LIMIT,SELL,100.15,88
10463406,2134,LIMIT,SELL,100.18,67
10469941,2135,LIMIT,BUY,100.09,29
10477473,2136,LIMIT,SELL,100.20,14
10485686,2137,LIMIT,SELL,100.18,39
10489214,2138,LIMIT,SELL,100.11,38
10491297,2139,IOC,SELL,100.08,16
10498309,2140,LIMIT,BUY,100.05,50
10504551,2141,LIMIT,SELL,100.21,76
10505337,2142,MARKET,BUY,,45
10505945,2143,LIMIT,SELL,100.13,55
10515664,2144,LIMIT,SELL,100.12,49
10516397,2145,LIMIT,BUY,100.09,11
10520517,2146,LIMIT,SELL,100.17,31
10530506,2147,CANCEL,,728,
10539660,2148,IOC,BUY,100.10,88
10541863,2149,LIMIT,BUY,100.09,65
10544932,2150,LIMIT,BUY,100.10,33
10554627,2151,LIMIT,BUY,100.08,6
10559483,2152,LIMIT,SELL,100.13,26
10567482,2153,CANCEL,,1766,
10570475,2154,CANCEL,,433,
10574235,2155,LIMIT,SELL,100.19,90
10576237,2156,LIMIT,SELL,100.21,4
10583514,2157,LIMIT,BUY,100.05,82
10592518,2158,LIMIT,BUY,100.04,9
10593685,2159,LIMIT,SELL,100.16,16
10594180,2160,LIMIT,SELL,100.22,48
10603411,2161,LIMIT,SELL,100.10,15
10612680,2162,LIMIT,SELL,100.18,8
10621139,2163,LIMIT,SELL,100.13,39
10623484,2164,LIMIT,BUY,100.04,62
10631427,2165,LIMIT,SELL,100.14,19
10633607,2166,LIMIT,SELL,100.14,73
10636405,2167,LIMIT,SELL,100.16,34
10643163,2168,IOC,SELL,100.08,93
10649385,2169,LIMIT,SELL,100.16,62
10657833,2170,LIMIT,SELL,100.09,67
10662645,2171,LIMIT,SELL,100.22,11
10665129,2172,CANCEL,,656,
10671672,2173,LIMIT,SELL,100.22,78
10677131,2174,IOC,BUY,100.03,89
10686409,2175,LIMIT,SELL,100.21,44
10687999,2176,MARKET,SELL,,79
10689130,2177,LIMIT,BUY,100.04,30
10694359,2178,LIMIT,BUY,100.15,25
10699947,2179,LIMIT,BUY,100.09,99
10702328,2180,LIMIT,BUY,100.04,71
10707689,2181,LIMIT,SELL,100.08,38
10711836,2182,LIMIT,SELL,100.08,64
10718079,2183,LIMIT,BUY,100.04,44
10720576,2184,LIMIT,BUY,100.04,51
10720729,2185,LIMIT,SELL,100.20,66
10730126,2186,LIMIT,SELL,100.23,77
10731996,2187,LIMIT,BUY,100.17,98
10732988,2188,LIMIT,SELL,100.13,96
10740022,2189,IOC,SELL,100.11,80
10744663,2190,LIMIT,BUY,100.08,71
10750555,2191,LIMIT,SELL,100.17,22
10756934,2192,LIMIT,SELL,100.08,79
10761453,2193,LIMIT,BUY,100.09,59
10764266,2194,IOC,BUY,100.18,40
10771496,2195,LIMIT,BUY,100.11,11
10778289,2196,LIMIT,SELL,100.23,97
10784617,2197,IOC,BUY,100.05,44
10789993,2198,LIMIT,BUY,100.06,90
10796280,2199,LIMIT,BUY,100.11,32
10801142,2200,LIMIT,SELL,100.26,32
10802301,2201,IOC,BUY,100.09,3
10810444,2202,LIMIT,BUY,100.10,30
10814953,2203,MARKET,BUY,,22
10818643,2204,LIMIT,SELL,100.17,49
10824716,2205,LIMIT,BUY,100.06,7
10828918,2206,LIMIT,BUY,100.14,30
10835726,2207,LIMIT,BUY,100.17,74
10838708,2208,LIMIT,BUY,100.17,26
10848681,2209,LIMIT,BUY,100.14,69
10850814,2210,LIMIT,BUY,100.21,24
10854938,2211,LIMIT,BUY,100.16,65
10863303,2212,LIMIT,BUY,100.14,31
10869419,2213,LIMIT,BUY,100.17,92
10873585,2214,LIMIT,BUY,100.14,1
10878390,2215,LIMIT,SELL,100.26,93
10885107,2216,LIMIT,SELL,100.27,74
10891845,2217,LIMIT,BUY,100.09,17
10892541,2218,LIMIT,BUY,100.07,53
10898909,2219,LIMIT,BUY,100.17,28
10906144,2220,LIMIT,BUY,100.14,84
10911191,2221,LIMIT,SELL,100.22,63
10917832,2222,LIMIT,SELL,100.24,7
10921952,2223,IOC,SELL,100.18,45
10929672,2224,IOC,SELL,100.15,46
10938169,2225,CANCEL,,2214,
10946124,2226,LIMIT,SELL,100.18,19
10955425,2227,CANCEL,,519,
10964062,2228,LIMIT,BUY,100.12,80
10969512,2229,LIMIT,SELL,100.15,98
10977599,2230,LIMIT,SELL,100.28,65
10978801,2231,LIMIT,SELL,100.26,94
10983277,2232,LIMIT,BUY,100.13,51
10986985,2233,MARKET,BUY,,73
10990257,2234,IOC,BUY,100.14,27
10990366,2235,LIMIT,BUY,100.17,29
10998138,2236,LIMIT,SELL,100.14,59
11003853,2237,MARKET,SELL,,34
11013407,2238,IOC,SELL,100.25,68
11016056,2239,IOC,SELL,100.29,100
11020174,2240,CANCEL,,1125,
11024733,2241,LIMIT,BUY,100.12,7
11034527,2242,IOC,BUY,100.20,29
11038702,2243,LIMIT,BUY,100.13,53
11045353,2244,LIMIT,BUY,100.22,85
11046539,2245,IOC,BUY,100.12,20
11053425,2246,CANCEL,,2123,
11059593,2247,LIMIT,SELL,100.26,76
11063199,2248,IOC,BUY,100.16,44
11065907,2249,LIMIT,SELL,100.19,95
11066146,2250,LIMIT,SELL,100.22,7
11066280,2251,CANCEL,,688,
11072389,2252,IOC,SELL,100.21,6
11075195,2253,LIMIT,BUY,100.18,79
11075298,2254,LIMIT,BUY,100.11,14
11079777,2255,LIMIT,SELL,100.24,18
11080941,2256,IOC,BUY,100.10,13
11089174,2257,LIMIT,BUY,100.16,89
11097018,2258,LIMIT,SELL,100.26,54
11100970,2259,IOC,SELL,100.27,20
11103613,2260,IOC,BUY,100.13,20
11104916,2261,LIMIT,BUY,100.08,56
11111731,2262,LIMIT,SELL,100.26,39
11115267,2263,LIMIT,BUY,100.10,9
11116168,2264,LIMIT,BUY,100.11,91
11121569,2265,IOC,SELL,100.24,97
11130951,2266,LIMIT,SELL,100.16,54
11132578,2267,MARKET,BUY,,18
11136610,2268,LIMIT,BUY,100.15,54
11137339,2269,LIMIT,SELL,100.24,44
11137483,2270,LIMIT,SELL,100.21,43
11145856,2271,LIMIT,SELL,100.28,26
11153082,2272,LIMIT,BUY,100.08,71
11157936,2273,LIMIT,BUY,100.11,76
11159064,2274,IOC,SELL,100.28,74
11162947,2275,IOC,BUY,100.17,30
11172542,2276,LIMIT,SELL,100.15,31
11179146,2277,IOC,BUY,100.08,54
11179513,2278,MARKET,SELL,,82
11184629,2279,LIMIT,BUY,100.08,85
11193778,2280,LIMIT,BUY,100.08,93
11199261,2281,LIMIT,BUY,100.11,83
11203384,2282,CANCEL,,615,
11207714,2283,LIMIT,BUY,100.20,27
11210499,2284,LIMIT,BUY,100.08,82
11211722,2285,IOC,BUY,100.11,23
11213679,2286,LIMIT,SELL,100.25,60
11222147,2287,LIMIT,BUY,100.16,46
11225137,2288,LIMIT,SELL,100.26,99
11226652,2289,LIMIT,BUY,100.07,25
11234594,2290,LIMIT,BUY,100.09,97
11241778,2291,LIMIT,SELL,100.20,80
11249798,2292,LIMIT,BUY,100.12,85
11257997,2293,LIMIT,BUY,100.15,5
11265517,2294,LIMIT,BUY,100.10,84
11271166,2295,IOC,SELL,100.18,18
11272838,2296,LIMIT,BUY,100.19,71
11281975,2297,LIMIT,SELL,100.11,41
11286106,2298,IOC,BUY,100.15,39
11288449,2299,IOC,SELL,100.23,10
11297248,2300,LIMIT,SELL,100.17,37
11302717,2301,LIMIT,BUY,100.06,13
11308756,2302,MARKET,SELL,,41
11310883,2303,LIMIT,SELL,100.21,40
11319997,2304,IOC,BUY,100.06,89
11329043,2305,LIMIT,BUY,100.15,40
11336027,2306,LIMIT,BUY,100.22,1
11337877,2307,CANCEL,,1656,
11344628,2308,LIMIT,SELL,100.22,11
11350201,2309,LIMIT,SELL,100.19,61
11353879,2310,LIMIT,SELL,100.27,31
11360662,2311,LIMIT,SELL,100.17,31
11361734,2312,LIMIT,BUY,100.16,45
11364065,2313,LIMIT,SELL,100.25,79
11366207,2314,LIMIT,SELL,100.21,52
11375985,2315,LIMIT,BUY,100.26,75
11378050,2316,LIMIT,SELL,100.25,96
11378912,2317,LIMIT,BUY,100.19,74
11379058,2318,LIMIT,SELL,100.21,44
11382538,2319,LIMIT,SELL,100.19,42
11389373,2320,LIMIT,BUY,100.18,27
11395849,2321,IOC,SELL,100.29,63
11400436,2322,LIMIT,BUY,100.21,96
11408052,2323,LIMIT,BUY,100.16,36
11411052,2324,CANCEL,,318,
11420760,2325,LIMIT,BUY,100.16,62
11427259,2326,LIMIT,BUY,100.22,83
11435320,2327,MARKET,SELL,,83
11437790,2328,LIMIT,SELL,100.26,85
11446352,2329,LIMIT,BUY,100.19,31
11451085,2330,LIMIT,SELL,100.31,74
11459867,2331,LIMIT,SELL,100.21,42
11469041,2332,LIMIT,BUY,100.26,40
11476101,2333,IOC,SELL,100.31,73
11485441,2334,LIMIT,SELL,100.27,6
11491048,2335,LIMIT,SELL,100.28,72
11491417,2336,LIMIT,SELL,100.22,27
11499169,2337,MARKET,BUY,,88
11508256,2338,LIMIT,SELL,100.23,5
11512557,2339,MARKET,SELL,,58
11516082,2340,LIMIT,SELL,100.28,96
11520133,2341,LIMIT,SELL,100.30,28
11526980,2342,LIMIT,SELL,100.32,36
11527081,2343,LIMIT,BUY,100.19,4
11528778,2344,LIMIT,SELL,100.21,30
11529618,2345,LIMIT,BUY,100.25,8
11537082,2346,LIMIT,BUY,100.18,47
11542090,2347,LIMIT,SELL,100.25,61
11548384,2348,LIMIT,SELL,100.25,11
11551065,2349,LIMIT,BUY,100.20,35
11559688,2350,IOC,SELL,100.33,75
11565195,2351,LIMIT,SELL,100.33,28
11572652,2352,LIMIT,SELL,100.28,78
11576260,2353,LIMIT,SELL,100.21,49
11585132,2354,LIMIT,SELL,100.26,7
11588996,2355,LIMIT,SELL,100.30,84
11598609,2356,IOC,BUY,100.24,17
11602649,2357,LIMIT,SELL,100.27,69
11611797,2358,LIMIT,SELL,100.22,55
11619933,2359,LIMIT,SELL,100.23,67
11622454,2360,LIMIT,SELL,100.27,59
11625251,2361,MARKET,BUY,,5
11625539,2362,LIMIT,SELL,100.22,11
11630922,2363,LIMIT,SELL,100.16,25
11638899,2364,LIMIT,SELL,100.27,8
11639422,2365,MARKET,BUY,,87
11641408,2366,LIMIT,BUY,100.18,11
11650449,2367,LIMIT,SELL,100.29,67
11651804,2368,IOC,BUY,100.20,41
11658120,2369,LIMIT,BUY,100.21,1
11662500,2370,LIMIT,SELL,100.16,67
11667106,2371,LIMIT,SELL,100.24,35
11675589,2372,LIMIT,SELL,100.24,74
11681838,2373,LIMIT,BUY,100.14,27
11685876,2374,IOC,SELL,100.22,99
11694591,2375,LIMIT,BUY,100.21,51
11698833,2376,LIMIT,SELL,100.22,34
11703170,2377,LIMIT,SELL,100.25,67
11706446,2378,LIMIT,SELL,100.19,32
11709083,2379,LIMIT,BUY,100.18,67
11718545,2380,LIMIT,BUY,100.20,32
11725522,2381,LIMIT,SELL,100.28,28
11727327,2382,LIMIT,BUY,100.14,38
11733814,2383,IOC,BUY,100.20,24
11740521,2384,LIMIT,BUY,100.18,38
11743761,2385,IOC,BUY,100.24,40
11750597,2386,IOC,SELL,100.30,65
11751065,2387,LIMIT,BUY,100.12,67
11754088,2388,LIMIT,SELL,100.17,90
11755196,2389,LIMIT,BUY,100.16,31
11758648,2390,LIMIT,SELL,100.30,33
11768367,2391,LIMIT,BUY,100.18,14
11769942,2392,LIMIT,SELL,100.24,78
11773296,2393,LIMIT,SELL,100.27,52
11778688,2394,CANCEL,,1858,
11779357,2395,MARKET,SELL,,79
11787729,2396,MARKET,SELL,,13
11795393,2397,IOC,SELL,100.33,2
11795667,2398,LIMIT,BUY,100.14,14
11801248,2399,LIMIT,BUY,100.23,32
11807529,2400,LIMIT,BUY,100.14,16
11814436,2401,IOC,SELL,100.34,45
11816730,2402,LIMIT,SELL,100.33,82
11826251,2403,LIMIT,BUY,100.16,44
11826783,2404,LIMIT,BUY,100.29,21
11830415,2405,LIMIT,BUY,100.18,44
11837367,2406,LIMIT,SELL,100.34,69
11844139,2407,CANCEL,,1683,
11844587,2408,LIMIT,BUY,100.18,96
11845446,2409,LIMIT,SELL,100.26,6
11848707,2410,LIMIT,SELL,100.32,78
11850255,2411,LIMIT,BUY,100.23,42
11853842,2412,LIMIT,BUY,100.27,66
11862957,2413,LIMIT,BUY,100.17,98
11872254,2414,LIMIT,BUY,100.19,38
11873014,2415,LIMIT,SELL,100.32,100
11876293,2416,LIMIT,SELL,100.33,18
11883068,2417,LIMIT,SELL,100.16,48
11890565,2418,CANCEL,,236,
11898978,2419,LIMIT,SELL,100.26,74
11902056,2420,LIMIT,BUY,100.18,52
11911951,2421,LIMIT,SELL,100.31,49
11916907,2422,LIMIT,SELL,100.29,12
11925562,2423,LIMIT,BUY,100.11,32
11928069,2424,LIMIT,BUY,100.16,73
11931354,2425,IOC,BUY,100.17,38
11933768,2426,LIMIT,SELL,100.22,53
11934244,2427,LIMIT,BUY,100.24,4
11941585,2428,LIMIT,SELL,100.25,67
11945295,2429,LIMIT,SELL,100.30,18
11954588,2430,IOC,SELL,100.27,53
11956618,2431,IOC,SELL,100.22,71
11959130,2432,LIMIT,SELL,100.16,35
11960761,2433,LIMIT,BUY,100.19,28
11961105,2434,IOC,BUY,100.18,99
11964322,2435,LIMIT,BUY,100.19,33
11967568,2436,LIMIT,BUY,100.16,66
11972122,2437,CANCEL,,151,
11974912,2438,LIMIT,BUY,100.14,77
11981412,2439,LIMIT,SELL,100.18,65
11984822,2440,LIMIT,SELL,100.19,9
11991069,2441,LIMIT,BUY,100.08,10
11996434,2442,IOC,SELL,100.27,83
12003270,2443,LIMIT,BUY,100.14,3
12011484,2444,LIMIT,BUY,100.22,18
12018190,2445,LIMIT,BUY,100.19,72
12019798,2446,LIMIT,SELL,100.26,7
12022535,2447,IOC,BUY,100.18,51
12031219,2448,LIMIT,SELL,100.16,30
12032780,2449,MARKET,BUY,,92
12035685,2450,IOC,BUY,100.17,60
12035959,2451,MARKET,SELL,,87
12037724,2452,LIMIT,BUY,100.09,86
12043030,2453,LIMIT,SELL,100.20,25
12046705,2454,IOC,SELL,100.28,7
12049568,2455,LIMIT,BUY,100.09,6
12051216,2456,LIMIT,BUY,100.13,14
12057842,2457,LIMIT,BUY,100.10,86
12066353,2458,LIMIT,BUY,100.18,63
12076103,2459,LIMIT,SELL,100.25,22
12085583,2460,LIMIT,BUY,100.08,57
12089514,2461,IOC,BUY,100.14,15
12098056,2462,LIMIT,BUY,100.19,74
12105522,2463,CANCEL,,2459,
12112645,2464,IOC,BUY,100.17,52
12120879,2465,LIMIT,SELL,100.18,47
12121015,2466,LIMIT,SELL,100.17,81
12126837,2467,LIMIT,SELL,100.24,2
12132426,2468,LIMIT,BUY,100.08,20
12133719,2469,LIMIT,BUY,100.15,42
12143122,2470,LIMIT,SELL,100.14,69
12147621,2471,LIMIT,SELL,100.19,21
12149799,2472,CANCEL,,1527,
12150454,2473,LIMIT,BUY,100.11,93
12160355,2474,LIMIT,SELL,100.23,78
12165988,2475,LIMIT,SELL,100.18,37
12171769,2476,LIMIT,BUY,100.17,89
12179100,2477,IOC,BUY,100.13,70
12182259,2478,LIMIT,BUY,100.11,64
12191078,2479,LIMIT,SELL,100.26,65
12199324,2480,LIMIT,SELL,100.29,26
12207516,2481,CANCEL,,2406,
12212830,2482,CANCEL,,880,
12216820,2483,LIMIT,SELL,100.25,97
12223312,2484,LIMIT,SELL,100.20,87
12225457,2485,IOC,BUY,100.13,35
12229672,2486,LIMIT,BUY,100.16,46
12234591,2487,LIMIT,SELL,100.29,35
12241103,2488,LIMIT,SELL,100.29,14
12246776,2489,LIMIT,SELL,100.22,69
12252411,2490,IOC,BUY,100.12,22
12261939,2491,IOC,BUY,100.13,68
12268101,2492,IOC,SELL,100.14,51
12274250,2493,MARKET,BUY,,34
12280678,2494,LIMIT,BUY,100.11,99
12285485,2495,LIMIT,BUY,100.17,87
12293978,2496,LIMIT,SELL,100.29,62
12296778,2497,LIMIT,SELL,100.20,27
12303341,2498,LIMIT,BUY,100.16,26
12305197,2499,LIMIT,SELL,100.29,61
12313890,2500,IOC,BUY,100.19,20
12315777,2501,LIMIT,BUY,100.21,59
12322150,2502,IOC,BUY,100.16,72
12323235,2503,IOC,SELL,100.22,17
12327185,2504,LIMIT,SELL,100.27,18
12332706,2505,IOC,SELL,100.30,99
12342367,2506,LIMIT,BUY,100.19,22
12344731,2507,LIMIT,BUY,100.19,70
12350393,2508,LIMIT,BUY,100.14,37
12353405,2509,LIMIT,SELL,100.24,89
12360519,2510,CANCEL,,32,
12361264,2511,LIMIT,SELL,100.28,31
12363512,2512,IOC,SELL,100.24,41
12364746,2513,LIMIT,BUY,100.19,72
12367830,2514,LIMIT,BUY,100.16,50
12374251,2515,MARKET,BUY,,64
12377989,2516,IOC,SELL,100.31,83
12384860,2517,CANCEL,,1687,
12393402,2518,LIMIT,SELL,100.28,68
12397080,2519,LIMIT,SELL,100.29,25
12398210,2520,LIMIT,SELL,100.31,80
12399827,2521,LIMIT,BUY,100.21,92
12408983,2522,CANCEL,,784,
12416810,2523,LIMIT,SELL,100.24,45
12424775,2524,LIMIT,SELL,100.30,62
12427097,2525,IOC,SELL,100.35,12
12435568,2526,IOC,SELL,100.34,31
12437343,2527,LIMIT,BUY,100.23,83
12445123,2528,LIMIT,BUY,100.21,73
12454767,2529,MARKET,SELL,,42
12457845,2530,LIMIT,SELL,100.32,22
12459596,2531,LIMIT,SELL,100.30,31
12468758,2532,LIMIT,BUY,100.21,74
12477708,2533,LIMIT,BUY,100.17,93
12485394,2534,IOC,BUY,100.20,32
12485814,2535,LIMIT,BUY,100.17,79
12487822,2536,LIMIT,SELL,100.33,1
12490982,2537,LIMIT,BUY,100.15,60
12499716,2538,LIMIT,BUY,100.19,18
12509311,2539,IOC,SELL,100.25,87
12511025,2540,LIMIT,SELL,100.26,71
12514212,2541,IOC,BUY,100.15,88
12521940,2542,LIMIT,SELL,100.29,89
12528138,2543,LIMIT,BUY,100.24,97
12528900,2544,LIMIT,BUY,100.23,74
12538401,2545,LIMIT,BUY,100.21,94
12547848,2546,IOC,BUY,100.29,22
12557563,2547,LIMIT,BUY,100.27,84
12566041,2548,LIMIT,BUY,100.28,61
12567495,2549,LIMIT,BUY,100.22,51
12568388,2550,LIMIT,BUY,100.30,90
12576030,2551,LIMIT,BUY,100.30,87
12577592,2552,LIMIT,BUY,100.24,16
12578214,2553,LIMIT,SELL,100.33,32
12581557,2554,LIMIT,BUY,100.21,56
12587887,2555,LIMIT,SELL,100.30,100
12596522,2556,LIMIT,BUY,100.27,3
12605770,2557,LIMIT,BUY,100.24,74
12611221,2558,LIMIT,BUY,100.29,25
12617329,2559,LIMIT,BUY,100.24,28
12626749,2560,LIMIT,SELL,100.26,100
12628441,2561,LIMIT,BUY,100.27,71
12633892,2562,LIMIT,SELL,100.25,34
12635219,2563,LIMIT,BUY,100.24,55
12637336,2564,LIMIT,BUY,100.24,22
12647251,2565,LIMIT,SELL,100.22,76
12647717,2566,LIMIT,SELL,100.27,44
12653050,2567,IOC,SELL,100.26,29
12657826,2568,CANCEL,,1674,
12664570,2569,LIMIT,SELL,100.31,40
12665733,2570,LIMIT,SELL,100.29,55
12668658,2571,LIMIT,SELL,100.22,60
12675871,2572,LIMIT,BUY,100.19,5
12679366,2573,LIMIT,BUY,100.22,63
12682118,2574,CANCEL,,74,
12690686,2575,LIMIT,SELL,100.28,44
12691782,2576,LIMIT,BUY,100.22,7
12699450,2577,LIMIT,SELL,100.31,47
12708244,2578,LIMIT,BUY,100.24,91
12711564,2579,LIMIT,SELL,100.35,55
12718700,2580,LIMIT,BUY,100.21,26
12722082,2581,LIMIT,SELL,100.32,56
12728631,2582,LIMIT,BUY,100.28,18
12736513,2583,LIMIT,BUY,100.19,81
12746268,2584,LIMIT,SELL,100.26,33
12746979,2585,LIMIT,SELL,100.37,97
12751495,2586,LIMIT,SELL,100.33,23
12752287,2587,LIMIT,BUY,100.17,64
12758858,2588,LIMIT,BUY,100.25,26
12766547,2589,LIMIT,SELL,100.36,96
12771441,2590,IOC,SELL,100.24,37
12772345,2591,LIMIT,BUY,100.21,56
12775443,2592,LIMIT,SELL,100.32,75
12784856,2593,MARKET,BUY,,2
12786053,2594,IOC,BUY,100.24,4
12789664,2595,LIMIT,SELL,100.30,14
12791222,2596,IOC,SELL,100.32,13
12800263,2597,LIMIT,BUY,100.17,74
12808767,2598,IOC,SELL,100.30,15
12810235,2599,MARKET,SELL,,69
12818586,2600,MARKET,SELL,,66
12819186,2601,IOC,SELL,100.32,39
12828053,2602,LIMIT,BUY,100.21,67
12836560,2603,LIMIT,SELL,100.33,57
12836848,2604,LIMIT,BUY,100.20,61
12842194,2605,LIMIT,SELL,100.34,73
12843688,2606,LIMIT,SELL,100.30,66
12851974,2607,LIMIT,SELL,100.34,72
12860342,2608,LIMIT,BUY,100.19,86
12861261,2609,LIMIT,BUY,100.27,75
12868299,2610,LIMIT,BUY,100.23,23
12876386,2611,IOC,SELL,100.33,93
12882669,2612,LIMIT,BUY,100.20,24
12887567,2613,IOC,SELL,100.32,79
12893832,2614,LIMIT,BUY,100.26,35
12901354,2615,LIMIT,BUY,100.29,14
12907777,2616,MARKET,BUY,,98
12911860,2617,LIMIT,SELL,100.23,74
12915597,2618,LIMIT,SELL,100.28,56
12917949,2619,LIMIT,BUY,100.18,57
12927911,2620,LIMIT,SELL,100.25,10
12931524,2621,LIMIT,SELL,100.31,46
12941449,2622,LIMIT,SELL,100.34,14
12945360,2623,LIMIT,SELL,100.31,6
12949629,2624,LIMIT,BUY,100.26,22
12955632,2625,LIMIT,BUY,100.27,79
12957327,2626,LIMIT,SELL,100.32,4
12966720,2627,IOC,BUY,100.25,99
12975270,2628,LIMIT,SELL,100.28,70
12984234,2629,LIMIT,SELL,100.36,19
12985921,2630,LIMIT,BUY,100.25,29
12991369,2631,IOC,SELL,100.36,55
13000290,2632,IOC,SELL,100.37,71
13007604,2633,LIMIT,SELL,100.29,42
13013279,2634,MARKET,SELL,,7
13015191,2635,LIMIT,SELL,100.22,100
13023118,2636,LIMIT,SELL,100.28,45
13025075,2637,LIMIT,BUY,100.16,97
13034272,2638,LIMIT,BUY,100.22,13
13042804,2639,LIMIT,SELL,100.26,7
13043309,2640,LIMIT,BUY,100.29,75
13047508,2641,LIMIT,BUY,100.20,95
13056729,2642,LIMIT,BUY,100.18,34
13059480,2643,LIMIT,BUY,100.21,69
13060058,2644,LIMIT,BUY,100.23,25
13068455,2645,CANCEL,,626,
13072528,2646,LIMIT,SELL,100.30,82
13075647,2647,LIMIT,BUY,100.32,43
13085637,2648,LIMIT,BUY,100.20,21
13088796,2649,LIMIT,BUY,100.19,55
13096733,2650,LIMIT,BUY,100.17,9
13103225,2651,LIMIT,SELL,100.22,33
13112064,2652,LIMIT,SELL,100.22,2
13113939,2653,LIMIT,BUY,100.17,17
13117248,2654,LIMIT,SELL,100.34,2
13121824,2655,MARKET,BUY,,34
13124612,2656,LIMIT,BUY,100.27,7
13128052,2657,LIMIT,SELL,100.30,56
13133816,2658,LIMIT,SELL,100.34,71
13139656,2659,LIMIT,BUY,100.17,23
13144831,2660,LIMIT,SELL,100.32,33
13150862,2661,MARKET,BUY,,5
13157994,2662,LIMIT,BUY,100.23,26
13159350,2663,IOC,BUY,100.18,37
13168252,2664,LIMIT,SELL,100.36,94
13169742,2665,IOC,BUY,100.21,83
13172567,2666,CANCEL,,2518,
13181496,2667,LIMIT,BUY,100.25,84
13190490,2668,LIMIT,SELL,100.28,43
13193774,2669,LIMIT,SELL,100.17,30
13199297,2670,IOC,BUY,100.19,66
13200529,2671,LIMIT,BUY,100.19,55
13206287,2672,LIMIT,BUY,100.15,34
13210677,2673,IOC,BUY,100.15,89
13211857,2674,LIMIT,BUY,100.19,2
13217208,2675,LIMIT,BUY,100.12,66
13221493,2676,LIMIT,SELL,100.28,76
13230238,2677,LIMIT,SELL,100.22,40
13235490,2678,LIMIT,SELL,100.18,88
13237843,2679,LIMIT,SELL,100.31,70
13244190,2680,LIMIT,BUY,100.12,84
13247999,2681,LIMIT,BUY,100.19,20
13249945,2682,LIMIT,BUY,100.18,73
13253487,2683,LIMIT,SELL,100.17,72
13257061,2684,LIMIT,SELL,100.20,23
13257195,2685,LIMIT,BUY,100.14,81
13267074,2686,LIMIT,SELL,100.30,16
13267357,2687,IOC,BUY,100.21,37
13268468,2688,LIMIT,SELL,100.27,83
13269961,2689,LIMIT,SELL,100.32,83
13272326,2690,LIMIT,SELL,100.25,5
13272485,2691,LIMIT,BUY,100.16,24
13272642,2692,IOC,SELL,100.33,49
13279910,2693,LIMIT,SELL,100.20,86
13286398,2694,LIMIT,BUY,100.17,39
13287915,2695,LIMIT,SELL,100.28,1
13295338,2696,LIMIT,SELL,100.33,35
13303129,2697,LIMIT,SELL,100.30,26
13308049,2698,LIMIT,SELL,100.28,21
13314512,2699,LIMIT,SELL,100.30,72
13323132,2700,LIMIT,BUY,100.13,79
13324422,2701,LIMIT,SELL,100.18,10
13333850,2702,LIMIT,SELL,100.22,12
13336124,2703,LIMIT,SELL,100.30,74
13345383,2704,LIMIT,BUY,100.12,1
13354848,2705,LIMIT,BUY,100.15,66
13360098,2706,LIMIT,BUY,100.19,86
13362458,2707,LIMIT,BUY,100.25,87
13371592,2708,LIMIT,SELL,100.24,56
13376054,2709,LIMIT,SELL,100.31,10
13383514,2710,LIMIT,BUY,100.28,45
13388425,2711,IOC,BUY,100.15,17
13388572,2712,LIMIT,SELL,100.25,91
13398084,2713,LIMIT,BUY,100.17,53
13402691,2714,LIMIT,BUY,100.26,23
13411033,2715,LIMIT,BUY,100.18,1
13412090,2716,LIMIT,SELL,100.25,54
13413377,2717,IOC,SELL,100.28,1
13421365,2718,LIMIT,SELL,100.25,74
13427556,2719,LIMIT,SELL,100.27,85
13429067,2720,LIMIT,SELL,100.23,30
13436385,2721,CANCEL,,2112,
13437646,2722,LIMIT,SELL,100.21,33
13439165,2723,LIMIT,BUY,100.19,30
13441572,2724,LIMIT,BUY,100.20,53
13447318,2725,LIMIT,SELL,100.31,94
13448861,2726,LIMIT,SELL,100.21,26
13454054,2727,LIMIT,SELL,100.26,5
13458378,2728,LIMIT,SELL,100.31,29
13461479,2729,MARKET,SELL,,94
13467476,2730,LIMIT,SELL,100.28,54
13476258,2731,LIMIT,SELL,100.38,71
13479946,2732,MARKET,SELL,,70
13488293,2733,LIMIT,BUY,100.21,81
13493274,2734,LIMIT,BUY,100.20,57
13497907,2735,LIMIT,BUY,100.26,47
13504512,2736,LIMIT,SELL,100.28,70
13510072,2737,LIMIT,BUY,100.23,94
13510623,2738,LIMIT,SELL,100.28,13
13518303,2739,IOC,BUY,100.27,19
13523785,2740,LIMIT,BUY,100.25,22
13524274,2741,LIMIT,SELL,100.33,90
13525736,2742,MARKET,SELL,,86
13528051,2743,IOC,SELL,100.34,8
13528324,2744,LIMIT,SELL,100.30,41
13530242,2745,IOC,SELL,100.34,84
13539979,2746,LIMIT,SELL,100.26,6
13548145,2747,LIMIT,BUY,100.30,46
13557909,2748,LIMIT,SELL,100.33,7
13558168,2749,LIMIT,SELL,100.36,99
13558467,2750,IOC,BUY,100.28,5
13562081,2751,LIMIT,SELL,100.33,10
13571073,2752,LIMIT,BUY,100.25,79
13574028,2753,LIMIT,SELL,100.37,88
13583419,2754,CANCEL,,1787,
13584676,2755,LIMIT,SELL,100.40,74
13591796,2756,IOC,SELL,100.30,92
13599092,2757,CANCEL,,1137,
13607039,2758,LIMIT,BUY,100.29,85
13610314,2759,LIMIT,SELL,100.39,29
13610750,2760,LIMIT,SELL,100.33,2
13614421,2761,LIMIT,BUY,100.28,41
13618700,2762,LIMIT,BUY,100.30,24
13628337,2763,IOC,SELL,100.31,40
13633860,2764,LIMIT,SELL,100.32,83
13640870,2765,CANCEL,,1150,
13641062,2766,MARKET,SELL,,53
13649524,2767,CANCEL,,563,
13651072,2768,LIMIT,SELL,100.33,37
13656652,2769,IOC,BUY,100.22,72
13665649,2770,IOC,SELL,100.28,95
13675474,2771,LIMIT,BUY,100.28,54
13678509,2772,IOC,BUY,100.23,24
13679882,2773,MARKET,SELL,,89
13689744,2774,IOC,BUY,100.29,29
13698867,2775,LIMIT,BUY,100.20,93
13701767,2776,LIMIT,BUY,100.29,73
13703414,2777,LIMIT,SELL,100.33,43
13712529,2778,LIMIT,SELL,100.35,89
13720336,2779,LIMIT,BUY,100.26,97
13726001,2780,LIMIT,SELL,100.31,9
13735071,2781,LIMIT,BUY,100.19,23
13743511,2782,MARKET,BUY,,7
13745183,2783,LIMIT,SELL,100.28,7
13748193,2784,LIMIT,SELL,100.31,18
13750840,2785,LIMIT,SELL,100.28,96
13759539,2786,LIMIT,SELL,100.35,78
13762854,2787,LIMIT,SELL,100.28,5
13766359,2788,LIMIT,SELL,100.24,17
13773650,2789,IOC,BUY,100.21,48
13776927,2790,LIMIT,BUY,100.24,51
13780255,2791,LIMIT,SELL,100.28,59
13787885,2792,IOC,BUY,100.17,99
13789148,2793,LIMIT,SELL,100.15,88
13790460,2794,LIMIT,SELL,100.23,75
13799258,2795,IOC,BUY,100.11,36
13800453,2796,LIMIT,BUY,100.21,16
13807430,2797,LIMIT,BUY,100.14,54
13813973,2798,LIMIT,SELL,100.27,20
13815451,2799,IOC,BUY,100.24,37
13819724,2800,CANCEL,,1980,
13826238,2801,LIMIT,SELL,100.19,73
13833167,2802,LIMIT,SELL,100.19,17
13836034,2803,LIMIT,SELL,100.19,33
13839680,2804,LIMIT,SELL,100.29,90
13845032,2805,LIMIT,SELL,100.21,69
13853209,2806,LIMIT,SELL,100.16,53
13855725,2807,LIMIT,SELL,100.30,74
13862055,2808,LIMIT,BUY,100.17,93
13866770,2809,MARKET,BUY,,47
13867813,2810,LIMIT,BUY,100.19,89
13871859,2811,LIMIT,BUY,100.18,48
13879608,2812,LIMIT,SELL,100.31,43
13887138,2813,LIMIT,SELL,100.29,26
13893144,2814,LIMIT,SELL,100.28,51
13899579,2815,LIMIT,SELL,100.25,56
13903097,2816,LIMIT,BUY,100.22,69
13903326,2817,IOC,SELL,100.28,66
13904860,2818,LIMIT,BUY,100.25,74
13911207,2819,IOC,BUY,100.19,2
13918732,2820,LIMIT,BUY,100.13,16
13923185,2821,LIMIT,SELL,100.18,34
13932205,2822,LIMIT,SELL,100.25,39
13937494,2823,LIMIT,SELL,100.30,29
13945096,2824,MARKET,SELL,,3
13945687,2825,LIMIT,BUY,100.17,22
13948114,2826,LIMIT,SELL,100.32,36
13953429,2827,LIMIT,SELL,100.26,56
13961810,2828,LIMIT,SELL,100.31,7
13963752,2829,LIMIT,BUY,100.22,89
13972519,2830,LIMIT,SELL,100.20,60
13980040,2831,LIMIT,SELL,100.27,60
13980195,2832,IOC,SELL,100.18,90
13986145,2833,IOC,SELL,100.21,42
13994750,2834,CANCEL,,132,
13997340,2835,LIMIT,SELL,100.22,41
14005027,2836,IOC,BUY,100.25,30
14014525,2837,LIMIT,SELL,100.32,81
14016047,2838,LIMIT,BUY,100.26,80
14021813,2839,LIMIT,SELL,100.18,4
14031758,2840,LIMIT,SELL,100.27,45
14033952,2841,MARKET,BUY,,85
14037545,2842,LIMIT,BUY,100.15,30
14040759,2843,LIMIT,BUY,100.15,89
14044497,2844,LIMIT,BUY,100.14,45
14045166,2845,LIMIT,BUY,100.22,66
14048336,2846,LIMIT,SELL,100.26,26
14054680,2847,LIMIT,BUY,100.12,29
14063926,2848,LIMIT,BUY,100.24,86
14071148,2849,LIMIT,SELL,100.28,62
14074529,2850,LIMIT,BUY,100.17,89
14077131,2851,LIMIT,SELL,100.21,97
14082015,2852,LIMIT,SELL,100.31,20
14085131,2853,MARKET,BUY,,49
14088229,2854,LIMIT,SELL,100.22,50
14092297,2855,LIMIT,SELL,100.25,9
14094276,2856,LIMIT,SELL,100.23,31
14094479,2857,LIMIT,SELL,100.23,84
14103781,2858,CANCEL,,355,
14107481,2859,LIMIT,SELL,100.26,85
14114123,2860,IOC,BUY,100.19,41
14118758,2861,CANCEL,,1484,
14122977,2862,LIMIT,SELL,100.27,12
14130091,2863,LIMIT,BUY,100.15,43
14137207,2864,LIMIT,SELL,100.28,76
14140772,2865,LIMIT,BUY,100.20,62
14140880,2866,CANCEL,,808,
14148100,2867,LIMIT,BUY,100.13,13
14150427,2868,LIMIT,BUY,100.11,32
14157572,2869,LIMIT,BUY,100.13,52
14158267,2870,LIMIT,BUY,100.24,62
14162157,2871,LIMIT,BUY,100.12,44
14171706,2872,LIMIT,BUY,100.14,31
14175213,2873,LIMIT,SELL,100.25,26
14177201,2874,LIMIT,BUY,100.19,66
14186774,2875,LIMIT,BUY,100.20,76
14188008,2876,CANCEL,,1617,
14196075,2877,LIMIT,BUY,100.15,62
14196287,2878,CANCEL,,1939,
14205582,2879,LIMIT,SELL,100.28,52
14210560,2880,LIMIT,SELL,100.22,54
14213958,2881,LIMIT,SELL,100.18,5
14214435,2882,LIMIT,SELL,100.21,76
14220861,2883,LIMIT,SELL,100.28,11
14222761,2884,LIMIT,BUY,100.13,29
14228121,2885,LIMIT,SELL,100.23,48
14233951,2886,LIMIT,BUY,100.13,39
14237897,2887,IOC,SELL,100.30,72
14247334,2888,LIMIT,BUY,100.13,32
14252325,2889,LIMIT,SELL,100.25,96
14256052,2890,LIMIT,BUY,100.10,16
14262632,2891,LIMIT,BUY,100.15,36
14272207,2892,LIMIT,SELL,100.25,3
14280922,2893,IOC,SELL,100.19,7
14290742,2894,LIMIT,SELL,100.24,74
14299577,2895,IOC,SELL,100.22,32
14302260,2896,CANCEL,,2599,
14309659,2897,LIMIT,BUY,100.19,62
14315113,2898,IOC,BUY,100.13,48
14320729,2899,LIMIT,SELL,100.19,2
14321532,2900,LIMIT,SELL,100.22,19
14325292,2901,IOC,BUY,100.14,14
14327626,2902,LIMIT,SELL,100.27,46
14336389,2903,LIMIT,BUY,100.12,1
14345588,2904,MARKET,BUY,,74
14349266,2905,LIMIT,BUY,100.15,90
14354727,2906,LIMIT,BUY,100.11,48
14355614,2907,LIMIT,BUY,100.17,86
14357937,2908,LIMIT,BUY,100.15,84
14359802,2909,LIMIT,SELL,100.23,70
14360361,2910,LIMIT,BUY,100.12,97
14370005,2911,LIMIT,SELL,100.14,63
14377283,2912,LIMIT,BUY,100.14,27
14382601,2913,LIMIT,SELL,100.19,21
14391861,2914,LIMIT,BUY,100.18,94
14394573,2915,LIMIT,SELL,100.20,2
14396906,2916,LIMIT,BUY,100.17,30
14397365,2917,LIMIT,BUY,100.23,16
14404473,2918,LIMIT,SELL,100.25,19
14412410,2919,LIMIT,SELL,100.19,23
14417064,2920,LIMIT,BUY,100.14,95
14426694,2921,LIMIT,BUY,100.14,35
14428953,2922,LIMIT,SELL,100.21,12
14436494,2923,MARKET,SELL,,17
14441389,2924,LIMIT,SELL,100.26,85
14450442,2925,LIMIT,BUY,100.13,42
14454809,2926,LIMIT,SELL,100.24,34
14455728,2927,LIMIT,BUY,100.13,20
14463514,2928,LIMIT,SELL,100.20,41
14473424,2929,LIMIT,SELL,100.32,93
14475939,2930,LIMIT,SELL,100.25,24
14477672,2931,LIMIT,BUY,100.14,6
14481633,2932,MARKET,SELL,,96
14482552,2933,IOC,SELL,100.24,63
14487425,2934,LIMIT,SELL,100.29,14
14497154,2935,LIMIT,SELL,100.21,95
14499046,2936,LIMIT,BUY,100.16,96
14503316,2937,LIMIT,BUY,100.25,20
14505780,2938,LIMIT,SELL,100.28,76
14512146,2939,LIMIT,BUY,100.14,26
14515561,2940,LIMIT,BUY,100.22,40
14523889,2941,LIMIT,SELL,100.24,35
14531601,2942,IOC,SELL,100.31,88
14537424,2943,LIMIT,BUY,100.20,51
14544522,2944,LIMIT,SELL,100.29,54
14548442,2945,LIMIT,BUY,100.20,21
14554418,2946,CANCEL,,394,
14561061,2947,LIMIT,SELL,100.18,48
14570544,2948,LIMIT,SELL,100.21,99
14577369,2949,LIMIT,BUY,100.13,52
14581279,2950,LIMIT,SELL,100.20,23
14586239,2951,MARKET,BUY,,49
14587584,2952,LIMIT,SELL,100.32,44
14589274,2953,LIMIT,BUY,100.22,6
14593840,2954,IOC,BUY,100.21,83
14595311,2955,LIMIT,SELL,100.23,48
14600261,2956,IOC,BUY,100.20,56
14609264,2957,LIMIT,BUY,100.21,98
14618913,2958,LIMIT,SELL,100.21,40
14621201,2959,LIMIT,BUY,100.13,65
14629457,2960,LIMIT,BUY,100.17,100
14635909,2961,LIMIT,SELL,100.25,77
14643141,2962,LIMIT,SELL,100.22,92
14650386,2963,LIMIT,BUY,100.28,9
14651231,2964,LIMIT,SELL,100.25,37
14659287,2965,IOC,SELL,100.25,12
14667104,2966,LIMIT,SELL,100.33,77
14671753,2967,LIMIT,SELL,100.27,15
14680856,2968,LIMIT,BUY,100.18,91
14680990,2969,LIMIT,SELL,100.19,25
14682668,2970,IOC,BUY,100.16,71
14682799,2971,LIMIT,BUY,100.10,22
14692148,2972,LIMIT,BUY,100.13,21
14699741,2973,IOC,SELL,100.16,27
14708059,2974,LIMIT,SELL,100.24,62
14714835,2975,LIMIT,BUY,100.25,70
14721529,2976,LIMIT,BUY,100.18,1
14722847,2977,LIMIT,SELL,100.24,92
14725443,2978,IOC,BUY,100.16,68
14733356,2979,IOC,SELL,100.25,62
14741533,2980,LIMIT,BUY,100.12,75
14744369,2981,IOC,BUY,100.16,60
14751753,2982,LIMIT,SELL,100.21,76
14758717,2983,LIMIT,BUY,100.09,85
14766967,2984,LIMIT,SELL,100.18,90
14773469,2985,LIMIT,SELL,100.18,79
14779367,2986,LIMIT,BUY,100.05,65
14789185,2987,MARKET,BUY,,29
14799153,2988,LIMIT,SELL,100.20,18
14808744,2989,CANCEL,,1263,
14816629,2990,LIMIT,BUY,100.10,9
14823903,2991,LIMIT,BUY,100.19,59
14829032,2992,LIMIT,SELL,100.25,37
14835777,2993,MARKET,BUY,,78
14844135,2994,LIMIT,BUY,100.07,67
14849860,2995,LIMIT,SELL,100.22,38
14859532,2996,LIMIT,BUY,100.12,85
14868065,2997,IOC,BUY,100.15,21
14874693,2998,LIMIT,BUY,100.05,8
14875089,2999,LIMIT,SELL,100.24,14
14878817,3000,IOC,BUY,100.03,71
14882799,3001,LIMIT,BUY,100.10,71
14888594,3002,IOC,BUY,100.04,48
14888902,3003,LIMIT,SELL,100.18,14
14898704,3004,LIMIT,BUY,100.05,50
