buyer_id,seller_id,price,qty,taker_side
15,17,100.15,64,BUY
59,17,100.15,7,BUY
59,37,100.15,70,BUY
110,100,100.15,46,BUY
110,168,100.15,34,BUY
138,168,100.15,34,BUY
160,168,100.15,2,BUY
160,215,100.15,25,BUY
160,275,100.15,4,BUY
211,275,100.15,35,BUY
211,400,100.15,3,BUY
221,400,100.15,4,BUY
257,400,100.15,10,BUY
257,404,100.15,71,BUY
261,404,100.15,19,BUY
261,441,100.15,69,BUY
268,441,100.15,25,BUY
268,514,100.15,21,BUY
412,514,100.15,17,BUY
452,514,100.15,23,BUY
452,661,100.15,29,BUY
529,661,100.15,45,BUY
529,662,100.15,28,BUY
537,662,100.15,63,BUY
549,662,100.15,7,BUY
575,662,100.15,1,BUY
575,685,100.15,17,BUY
614,685,100.15,41,BUY
620,685,100.15,24,BUY
620,695,100.15,23,BUY
620,747,100.15,53,BUY
648,747,100.15,27,BUY
663,747,100.15,17,BUY
663,892,100.15,42,BUY
710,931,100.15,5,BUY
803,931,100.15,4,BUY
882,931,100.15,8,BUY
882,936,100.15,21,BUY
882,937,100.15,40,BUY
951,937,100.15,49,BUY
951,940,100.15,5,BUY
958,940,100.15,11,BUY
958,989,100.15,66,BUY
958,1051,100.15,17,BUY
958,1065,100.15,1,BUY
958,1084,100.15,1,BUY
962,1084,100.15,38,BUY
984,1149,100.15,9,BUY
1048,1149,100.15,23,BUY
1048,1151,100.15,5,BUY
1063,1151,100.15,48,BUY
1266,1151,100.15,16,BUY
1266,1187,100.15,26,BUY
1266,1212,100.15,20,BUY
1273,1212,100.15,5,BUY
1301,1212,100.15,42,BUY
1320,1212,100.15,28,BUY
1320,1259,100.15,27,BUY
1345,1259,100.15,10,BUY
1345,1278,100.15,2,BUY
1345,1324,100.15,2,BUY
1360,1324,100.15,10,BUY
1360,1334,100.15,32,BUY
1360,1352,100.15,7,BUY
1381,1352,100.15,55,BUY
1393,1352,100.15,30,BUY
1393,1371,100.15,16,BUY
1393,1373,100.15,17,BUY
1393,1428,100.15,8,BUY
1393,1445,100.15,18,BUY
1416,1445,100.15,23,BUY
1416,1446,100.15,13,BUY
1416,1452,100.15,1,BUY
1422,1452,100.15,12,BUY
1466,1452,100.15,7,BUY
1466,1474,100.15,17,BUY
1466,1593,100.15,4,BUY
1489,1593,100.15,83,BUY
1528,1593,100.15,7,BUY
1528,1646,100.15,21,BUY
1528,1650,100.15,30,BUY
1559,1650,100.15,43,BUY
1559,1658,100.15,45,BUY
1614,1658,100.15,25,BUY
1616,1658,100.15,11,BUY
1616,1695,100.15,51,BUY
1616,1738,100.15,31,BUY
1637,1738,100.15,5,BUY
1637,1805,100.15,23,BUY
1637,1806,100.15,44,BUY
1707,1806,100.15,22,BUY
1727,1806,100.15,5,BUY
1727,1854,100.15,54,BUY
1727,1964,100.15,1,BUY
1727,1978,100.15,19,BUY
1735,1978,100.15,40,BUY
1735,1985,100.15,7,BUY
1790,1985,100.15,82,BUY
1849,1985,100.15,10,BUY
1849,2006,100.15,11,BUY
1880,2006,100.15,34,BUY
1880,2061,100.15,7,BUY
1905,2061,100.15,34,BUY
1905,2070,100.15,30,BUY
1905,2132,100.15,18,BUY
1912,2132,100.15,49,BUY
1912,2176,100.15,16,BUY
1944,2176,100.15,15,BUY
1950,2176,100.15,29,BUY
1955,2176,100.15,19,BUY
1955,2237,100.15,34,BUY
1955,2278,100.15,37,BUY
1989,2278,100.15,45,BUY
1989,2302,100.15,41,BUY
1989,2327,100.15,2,BUY
2035,2327,100.15,57,BUY
2099,2327,100.15,24,BUY
2099,2339,100.15,17,BUY
2122,2339,100.15,41,BUY
2122,2395,100.15,48,BUY
2123,2395,100.15,31,BUY
2123,2396,100.15,13,BUY
2123,2451,100.15,29,BUY
2128,2451,100.15,33,BUY
2142,2451,100.15,25,BUY
2142,2529,100.15,20,BUY
2203,2529,100.15,22,BUY
2233,2599,100.15,69,BUY
2233,2600,100.15,4,BUY
2267,2600,100.15,18,BUY
2337,2600,100.15,44,BUY
2337,2634,100.15,7,BUY
2337,2729,100.15,37,BUY
2361,2729,100.15,5,BUY
2365,2729,100.15,52,BUY
2365,2732,100.15,35,BUY
2449,2732,100.15,35,BUY
2449,2742,100.15,57,BUY
2493,2742,100.15,29,BUY
2493,2766,100.15,5,BUY
2515,2766,100.15,48,BUY
2515,2773,100.15,16,BUY
2593,2773,100.15,2,BUY
2616,2773,100.15,71,BUY
2616,2824,100.15,3,BUY
2616,2923,100.15,17,BUY
2616,2932,100.15,7,BUY
2655,2932,100.15,34,BUY
2661,2932,100.15,5,BUY
2782,2932,100.15,7,BUY
2809,2932,100.15,43,BUY
2809,3064,100.15,4,BUY
2841,3064,100.15,52,BUY
2841,3082,100.15,14,BUY
2841,3102,100.15,2,BUY
2841,3153,100.15,9,BUY
2841,3356,100.15,8,BUY
2853,3356,100.15,16,BUY
2853,3460,100.15,33,BUY
2904,3460,100.15,28,BUY
2904,3653,100.15,46,BUY
2951,3653,100.15,45,BUY
2951,3657,100.15,4,BUY
2987,3657,100.15,29,BUY
2993,3657,100.15,1,BUY
2993,3751,100.15,73,BUY
2993,3766,100.15,4,BUY
3065,3766,100.15,32,BUY
3121,3766,100.15,5,BUY
3149,3766,100.15,3,BUY
3156,3766,100.15,8,BUY
3156,3786,100.15,15,BUY
3221,3786,100.15,54,BUY
3319,3786,100.15,6,BUY
3319,3806,100.15,48,BUY
3333,3806,100.15,11,BUY
3333,3867,100.15,30,BUY
3372,3867,100.15,5,BUY
3419,3867,100.15,3,BUY
3432,3867,100.15,29,BUY
3432,3977,100.15,21,BUY
3443,3977,100.15,3,BUY
3443,4010,100.15,34,BUY
3472,4010,100.15,20,BUY
3497,4010,100.15,4,BUY
3497,4062,100.15,93,BUY
3625,4062,100.15,7,BUY
3625,4089,100.15,45,BUY
3825,4089,100.15,38,BUY
3825,4104,100.15,40,BUY
3825,4270,100.15,12,BUY
3856,4270,100.15,25,BUY
3936,4270,100.15,49,BUY
3936,4279,100.15,2,BUY
4040,4279,100.15,85,BUY
4068,4279,100.15,7,BUY
4068,4289,100.15,27,BUY
4098,4289,100.15,17,BUY
4175,4289,100.15,37,BUY
4175,4390,100.15,15,BUY
4180,4390,100.15,69,BUY
4180,4396,100.15,25,BUY
4242,4396,100.15,23,BUY
4242,4442,100.15,11,BUY
4249,4442,100.15,15,BUY
4249,4443,100.15,24,BUY
4316,4443,100.15,3,BUY
4352,4443,100.15,14,BUY
4352,4451,100.15,22,BUY
4352,4453,100.15,21,BUY
4393,4453,100.15,4,BUY
4397,4453,100.15,13,BUY
4397,4479,100.15,69,BUY
4397,4484,100.15,6,BUY
4412,4484,100.15,23,BUY
4412,4495,100.15,73,BUY
4429,4495,100.15,6,BUY
4429,4578,100.15,14,BUY
4429,4626,100.15,38,BUY
4429,4636,100.15,4,BUY
4429,4686,100.15,7,BUY
4445,4686,100.15,21,BUY
4445,4704,100.15,7,BUY
4446,4704,100.15,42,BUY
4446,4885,100.15,17,BUY
4446,4964,100.15,25,BUY
4460,4964,100.15,31,BUY
4463,4964,100.15,15,BUY
4463,4981,100.15,24,BUY
4463,4892,100.15,20,BUY
4463,4881,100.15,19,BUY
4500,4881,100.15,75,BUY
4547,4881,100.15,3,BUY
4547,4905,100.15,37,BUY
4552,4905,100.15,14,BUY
4552,4862,100.15,6,BUY
4552,4985,100.15,20,BUY
4570,4985,100.15,78,BUY
4570,4864,100.15,6,BUY
4570,4847,100.15,16,BUY
4715,4847,100.15,34,BUY
4715,4874,100.15,62,BUY
4757,4874,100.15,26,BUY
4757,4967,100.15,43,BUY
4780,4967,100.15,4,BUY
4780,4856,100.15,74,BUY
4877,4856,100.15,20,BUY
4877,4893,100.15,62,BUY
4898,4893,100.15,13,BUY
4898,4980,100.15,13,BUY
357,4980,100.15,4,BUY
357,4992,100.15,8,BUY
386,4992,100.15,19,BUY
356,4992,100.15,56,BUY
360,4992,100.15,8,BUY
360,4997,100.15,47,BUY
360,4828,100.15,1,BUY
439,4828,100.15,2,BUY
3817,4828,100.15,87,BUY
383,4828,100.15,1,BUY
383,4870,100.15,33,BUY
428,4901,100.15,15,BUY
455,4901,100.15,25,BUY
455,4820,100.15,29,BUY
455,4846,100.15,3,BUY
3809,4846,100.15,5,BUY
342,4846,100.15,33,BUY
423,4846,100.15,28,BUY
391,4846,100.15,18,BUY
391,4876,100.15,80,BUY
3835,4876,100.15,12,BUY
3835,4883,100.15,2,BUY
314,4883,100.15,70,BUY
376,4883,100.15,9,BUY
376,4842,100.15,36,BUY
380,4842,100.15,24,BUY
397,4842,100.15,26,BUY
397,4859,100.15,47,BUY
444,4859,100.15,19,BUY
449,4859,100.15,27,BUY
449,4899,100.15,72,BUY
453,4899,100.15,3,BUY
453,4926,100.15,13,BUY
3752,4926,100.15,7,BUY
3814,4926,100.15,12,BUY
345,4926,100.15,4,BUY
345,4958,100.15,7,BUY
361,4958,100.15,23,BUY
361,4777,100.15,1,BUY
361,4845,100.15,51,BUY
361,4860,100.15,4,BUY
361,4888,100.15,6,BUY
361,4907,100.15,8,BUY
402,4907,100.15,52,BUY
410,4907,100.15,1,BUY
421,4907,100.15,39,BUY
421,4965,100.15,8,BUY
485,4965,100.15,18,BUY
485,4769,100.15,53,BUY
3718,4769,100.15,2,BUY
3718,4871,100.15,21,BUY
3718,4889,100.15,8,BUY
3749,4889,100.15,20,BUY
3749,4891,100.15,2,BUY
3749,4897,100.15,5,BUY
3749,4971,100.15,10,BUY
3865,4971,100.15,14,BUY
3865,1873,100.15,58,BUY
3881,1873,100.15,21,BUY
3881,4800,100.15,6,BUY
3881,4867,100.15,66,BUY
4036,4867,100.15,3,BUY
4036,4873,100.15,54,BUY
4237,4873,100.15,4,BUY
4237,4894,100.15,72,BUY
4237,4915,100.15,22,BUY
324,4915,100.15,22,BUY
324,1913,100.15,2,BUY
385,1913,100.15,27,BUY
385,4822,100.15,28,BUY
385,4829,100.15,24,BUY
411,4922,100.15,2,BUY
416,4922,100.15,18,BUY
479,4922,100.15,7,BUY
486,4922,100.15,54,BUY
486,4961,100.15,16,BUY
486,4969,100.15,1,BUY
2647,4969,100.15,31,BUY
2647,4976,100.15,12,BUY
3788,4976,100.15,43,BUY
3820,4976,100.15,36,BUY
3820,4984,100.15,34,BUY
3820,1844,100.15,24,BUY
3844,1844,100.15,69,BUY
3844,1903,100.15,9,BUY
3892,1903,100.15,39,BUY
3892,4809,100.15,6,BUY
3892,4832,100.15,3,BUY
3892,4853,100.15,32,BUY
3908,4853,100.15,32,BUY
4223,4853,100.15,32,BUY
4223,4896,100.15,56,BUY
4223,4919,100.15,10,BUY
320,4919,100.15,18,BUY
344,4919,100.15,12,BUY
394,4919,100.15,7,BUY
394,4978,100.15,32,BUY
414,4978,100.15,9,BUY
433,4978,100.15,41,BUY
433,4986,100.15,7,BUY
442,4986,100.15,70,BUY
446,4986,100.15,18,BUY
446,1750,100.15,17,BUY
446,1884,100.15,16,BUY
446,1959,100.15,5,BUY
3568,1959,100.15,48,BUY
3663,1959,100.15,5,BUY
3663,4787,100.15,54,BUY
3716,4787,100.15,21,BUY
3716,4825,100.15,59,BUY
3744,4825,100.15,34,BUY
3744,4830,100.15,8,BUY
3744,4902,100.15,13,BUY
3744,4903,100.15,31,BUY
3855,4903,100.15,50,BUY
3855,4931,100.15,2,BUY
3873,4931,100.15,7,BUY
3906,4931,100.15,24,BUY
3906,4939,100.15,4,BUY
4229,4939,100.15,37,BUY
4229,4995,100.15,37,BUY
4247,4995,100.15,23,BUY
4247,4998,100.15,58,BUY
4271,1830,100.15,20,BUY
317,1830,100.15,18,BUY
317,1866,100.15,18,BUY
317,1911,100.15,40,BUY
317,4710,100.15,17,BUY
337,4710,100.15,44,BUY
337,4818,100.15,54,BUY
338,4818,100.15,28,BUY
346,4818,100.15,9,BUY
346,4933,100.15,59,BUY
358,4933,100.15,24,BUY
358,4954,100.15,64,BUY
358,1772,100.15,12,BUY
362,1772,100.15,11,BUY
362,1842,100.15,32,BUY
364,1842,100.15,37,BUY
364,1890,100.15,4,BUY
398,1890,100.15,38,BUY
415,1890,100.15,35,BUY
415,1894,100.15,4,BUY
415,4631,100.15,21,BUY
415,4722,100.15,21,BUY
454,4722,100.15,61,BUY
454,4728,100.15,1,BUY
454,4748,100.15,13,BUY
458,4748,100.15,5,BUY
2550,4748,100.15,80,BUY
2550,4755,100.15,10,BUY
2551,4755,100.15,17,BUY
2551,4798,100.15,57,BUY
2551,4814,100.15,13,BUY
2747,4814,100.15,46,BUY
2762,4814,100.15,18,BUY
2762,4920,100.15,6,BUY
3435,4920,100.15,68,BUY
3688,4920,100.15,6,BUY
3688,907,100.15,19,BUY
3769,907,100.15,15,BUY
3791,907,100.15,25,BUY
3791,1741,100.15,16,BUY
3791,1745,100.15,6,BUY
3791,1758,100.15,48,BUY
3852,1758,100.15,13,BUY
3852,1852,100.15,42,BUY
3852,1910,100.15,45,BUY
3876,1910,100.15,25,BUY
3876,1961,100.15,6,BUY
3925,1961,100.15,17,BUY
3976,1961,100.15,40,BUY
3976,4638,100.15,45,BUY
4252,4638,100.15,5,BUY
302,4638,100.15,21,BUY
309,4638,100.15,29,BUY
309,4727,100.15,30,BUY
393,4727,100.15,30,BUY
393,4753,100.15,35,BUY
393,4793,100.15,5,BUY
413,4793,100.15,18,BUY
477,4793,100.15,31,BUY
477,4802,100.15,51,BUY
2404,4802,100.15,17,BUY
2404,4819,100.15,3,BUY
2404,4826,100.15,1,BUY
2546,4826,100.15,9,BUY
2546,4831,100.15,13,BUY
2558,4831,100.15,25,BUY
2615,4831,100.15,14,BUY
2640,4831,100.15,25,BUY
2640,4843,100.15,50,BUY
2758,4843,100.15,6,BUY
2758,4844,100.15,52,BUY
2758,4924,100.15,27,BUY
2774,4924,100.15,27,BUY
2774,4957,100.15,2,BUY
2776,4957,100.15,73,BUY
3630,4957,100.15,13,BUY
3630,1781,100.15,70,BUY
3670,1781,100.15,21,BUY
3670,1822,100.15,2,BUY
3698,1822,100.15,85,BUY
3797,1822,100.15,6,BUY
3797,1862,100.15,1,BUY
3808,1862,100.15,35,BUY
3808,1970,100.15,61,BUY
3821,1970,100.15,36,BUY
3821,1980,100.15,6,BUY
3821,4792,100.15,42,BUY
3882,4792,100.15,40,BUY
3882,4795,100.15,12,BUY
3896,4795,100.15,5,BUY
3896,4835,100.15,31,BUY
3898,4835,100.15,48,BUY
4269,4835,100.15,20,BUY
4269,4836,100.15,53,BUY
4286,4836,100.15,37,BUY
4286,4839,100.15,5,BUY
4286,4936,100.15,4,BUY
232,4936,100.15,44,BUY
336,4936,100.15,27,BUY
336,875,100.15,43,BUY
353,875,100.15,24,BUY
405,875,100.15,32,BUY
405,1713,100.15,16,BUY
405,1768,100.15,16,BUY
443,1768,100.15,29,BUY
443,1777,100.15,66,BUY
462,1777,100.15,8,BUY
2548,1845,100.15,1,BUY
2548,1858,100.15,3,BUY
2548,1885,100.15,12,BUY
2548,2010,100.15,22,BUY
2548,4671,100.15,23,BUY
2582,4671,100.15,18,BUY
2710,4671,100.15,20,BUY
2710,4729,100.15,25,BUY
2750,4729,100.15,5,BUY
2761,4729,100.15,22,BUY
2761,4735,100.15,19,BUY
2771,4735,100.15,54,BUY
2963,4735,100.15,9,BUY
3476,4735,100.15,15,BUY
3476,4752,100.15,26,BUY
3492,4752,100.15,21,BUY
3507,4752,100.15,47,BUY
3507,4760,100.15,1,BUY
3507,4761,100.15,27,BUY
3507,4765,100.15,1,BUY
3603,4765,100.15,7,BUY
3684,4765,100.15,54,BUY
3684,4801,100.15,15,BUY
3712,4801,100.15,63,BUY
3712,4841,100.15,10,BUY
3729,4841,100.15,74,BUY
3729,4946,100.15,21,BUY
3731,4946,100.15,40,BUY
3731,783,100.15,5,BUY
3768,783,100.15,4,BUY
3920,783,100.15,31,BUY
4009,783,100.15,18,BUY
4009,900,100.15,50,BUY
334,900,100.15,48,BUY
334,915,100.15,16,BUY
363,915,100.15,15,BUY
363,1701,100.15,3,BUY
366,1701,100.15,37,BUY
366,1776,100.15,33,BUY
440,1776,100.15,12,BUY
440,1855,100.15,19,BUY
440,1863,100.15,17,BUY
474,1863,100.15,17,BUY
2412,1863,100.15,23,BUY
2412,1865,100.15,43,BUY
2547,1865,100.15,31,BUY
2547,1867,100.15,53,BUY
2556,1867,100.15,3,BUY
2561,1867,100.15,43,BUY
2561,1871,100.15,28,BUY
2609,1871,100.15,41,BUY
2609,1907,100.15,34,BUY
2625,1907,100.15,25,BUY
2625,1981,100.15,12,BUY
2625,4653,100.15,5,BUY
2625,4667,100.15,11,BUY
2625,4708,100.15,9,BUY
2625,4725,100.15,17,BUY
2656,4725,100.15,7,BUY
2739,4725,100.15,19,BUY
3539,4725,100.15,9,BUY
3560,4725,100.15,2,BUY
3560,4763,100.15,28,BUY
3592,4763,100.15,19,BUY
3592,4768,100.15,8,BUY
3703,4768,100.15,48,BUY
3703,4773,100.15,2,BUY
3728,4773,100.15,37,BUY
3730,4773,100.15,8,BUY
3730,4823,100.15,3,BUY
3734,4823,100.15,51,BUY
3736,4823,100.15,18,BUY
3736,4833,100.15,7,BUY
3736,765,100.15,36,BUY
3736,899,100.15,9,BUY
3738,899,100.15,36,BUY
3738,919,100.15,1,BUY
3746,919,100.15,19,BUY
3776,919,100.15,26,BUY
3833,919,100.15,13,BUY
3839,919,100.15,22,BUY
3839,1692,100.15,54,BUY
3878,1692,100.15,25,BUY
3878,1856,100.15,60,BUY
3907,1856,100.15,13,BUY
3907,1864,100.15,20,BUY
3907,1933,100.15,16,BUY
3907,1977,100.15,45,BUY
3912,1977,100.15,19,BUY
3912,2002,100.15,4,BUY
4038,2002,100.15,10,BUY
4038,4756,100.15,43,BUY
4232,4756,100.15,21,BUY
4232,4784,100.15,77,BUY
4258,4784,100.15,9,BUY
4258,766,100.15,14,BUY
4287,766,100.15,53,BUY
4287,1679,100.15,36,BUY
4288,1679,100.15,45,BUY
4288,1693,100.15,12,BUY
4288,1780,100.15,20,BUY
290,1780,100.15,3,BUY
290,1831,100.15,68,BUY
447,1831,100.15,7,BUY
447,1936,100.15,28,BUY
447,1987,100.15,6,BUY
483,1987,100.15,44,BUY
534,1987,100.15,32,BUY
2315,1987,100.15,13,BUY
2315,4623,100.15,40,BUY
2315,4629,100.15,22,BUY
2332,4629,100.15,17,BUY
2332,4817,100.15,10,BUY
2332,667,100.15,13,BUY
2614,667,100.15,13,BUY
2614,759,100.15,22,BUY
2624,759,100.15,22,BUY
2714,759,100.15,16,BUY
2714,761,100.15,7,BUY
2735,761,100.15,47,BUY
2779,761,100.15,9,BUY
2779,789,100.15,40,BUY
2779,858,100.15,48,BUY
2838,891,100.15,55,BUY
2838,901,100.15,25,BUY
3346,1689,100.15,34,BUY
3346,1743,100.15,53,BUY
3348,1743,100.15,23,BUY
3348,1753,100.15,5,BUY
3348,1804,100.15,13,BUY
3348,1824,100.15,27,BUY
3403,1824,100.15,66,BUY
3403,1850,100.15,23,BUY
3415,1850,100.15,1,BUY
3415,1870,100.15,8,BUY
3415,1875,100.15,76,BUY
3501,1875,100.15,24,BUY
3501,1888,100.15,3,BUY
3501,1916,100.15,19,BUY
3639,1916,100.15,37,BUY
3775,1916,100.15,14,BUY
3775,1931,100.15,22,BUY
3783,1931,100.15,78,BUY
3783,1953,100.15,15,BUY
3794,1953,100.15,62,BUY
3805,1953,100.15,12,BUY
3858,1953,100.15,2,BUY
3858,1976,100.15,21,BUY
3879,1976,100.15,18,BUY
3888,1976,100.15,1,BUY
3888,1979,100.15,44,BUY
3888,4597,100.15,9,BUY
3903,4597,100.15,5,BUY
3904,4597,100.15,42,BUY
3923,4597,100.15,12,BUY
3923,4627,100.15,47,BUY
3923,4635,100.15,17,BUY
3923,4660,100.15,8,BUY
3928,4660,100.15,72,BUY
3928,4726,100.15,28,BUY
3930,4726,100.15,16,BUY
3930,4745,100.15,44,BUY
3930,9,100.15,17,BUY
3931,9,100.15,10,BUY
3931,659,100.15,74,BUY
3931,780,100.15,5,BUY
3938,780,100.15,48,BUY
3945,780,100.15,6,BUY
3984,780,100.15,8,BUY
3984,795,100.15,23,BUY
3984,798,100.15,18,BUY
3984,850,100.15,30,BUY
4241,850,100.15,38,BUY
4241,888,100.15,14,BUY
4251,888,100.15,16,BUY
4251,895,100.15,14,BUY
4267,895,100.15,30,BUY
4297,895,100.15,26,BUY
333,895,100.15,11,BUY
333,1490,100.15,50,BUY
333,1495,100.15,29,BUY
333,1527,100.15,5,BUY
419,1527,100.15,14,BUY
419,1751,100.15,11,BUY
424,1751,100.15,24,BUY
424,1761,100.15,33,BUY
424,1815,100.15,42,BUY
426,1815,100.15,17,BUY
426,1829,100.15,25,BUY
430,1829,100.15,36,BUY
430,1878,100.15,20,BUY
430,1899,100.15,11,BUY
472,1899,100.15,53,BUY
472,1922,100.15,27,BUY
472,1939,100.15,2,BUY
480,1939,100.15,25,BUY
480,1949,100.15,20,BUY
491,1949,100.15,11,BUY
499,1949,100.15,55,BUY
499,1957,100.15,20,BUY
2345,1957,100.15,8,BUY
2588,1957,100.15,26,BUY
2627,1957,100.15,38,BUY
2627,1969,100.15,34,BUY
2627,1975,100.15,27,BUY
2630,1975,100.15,29,BUY
2667,1975,100.15,9,BUY
2667,4606,100.15,51,BUY
2667,4616,100.15,24,BUY
2707,4616,100.15,37,BUY
2707,4617,100.15,1,BUY
2707,4675,100.15,25,BUY
2707,4816,100.15,24,BUY
2740,4816,100.15,5,BUY
2740,23,100.15,17,BUY
2752,23,100.15,46,BUY
2752,672,100.15,33,BUY
2818,672,100.15,29,BUY
2818,678,100.15,20,BUY
2818,816,100.15,25,BUY
2836,816,100.15,30,BUY
2937,816,100.15,20,BUY
2975,816,100.15,12,BUY
2975,834,100.15,10,BUY
2975,844,100.15,17,BUY
2975,876,100.15,5,BUY
2975,902,100.15,21,BUY
2975,932,100.15,3,BUY
2975,945,100.15,2,BUY
3090,945,100.15,40,BUY
3090,1469,100.15,6,BUY
3103,1469,100.15,18,BUY
3105,1469,100.15,20,BUY
3105,1537,100.15,28,BUY
3105,1558,100.15,1,BUY
3466,1558,100.15,31,BUY
3637,1558,100.15,13,BUY
3638,1558,100.15,28,BUY
3638,1740,100.15,5,BUY
3638,1755,100.15,12,BUY
3638,1794,100.15,27,BUY
3656,1794,100.15,9,BUY
3656,1917,100.15,23,BUY
3668,1917,100.15,27,BUY
3668,1920,100.15,16,BUY
3678,1920,100.15,35,BUY
3678,1938,100.15,3,BUY
3683,1938,100.15,18,BUY
3695,1938,100.15,15,BUY
3695,1952,100.15,24,BUY
3695,4603,100.15,32,BUY
3701,4603,100.15,37,BUY
3701,4661,100.15,12,BUY
3701,4674,100.15,12,BUY
3701,4696,100.15,13,BUY
3715,4696,100.15,36,BUY
3739,4696,100.15,5,BUY
3739,4700,100.15,54,BUY
3849,4700,100.15,10,BUY
3849,4703,100.15,20,BUY
3849,4717,100.15,38,BUY
3877,4717,100.15,15,BUY
3889,4717,100.15,12,BUY
3890,4717,100.15,6,BUY
3890,34,100.15,62,BUY
3890,49,100.15,30,BUY
3917,49,100.15,31,BUY
3980,49,100.15,10,BUY
3980,760,100.15,38,BUY
3980,762,100.15,6,BUY
3980,778,100.15,16,BUY
3991,778,100.15,62,BUY
3991,781,100.15,11,BUY
4037,781,100.15,14,BUY
4037,790,100.15,70,BUY
4041,790,100.15,10,BUY
4041,805,100.15,43,BUY
4217,805,100.15,46,BUY
4217,807,100.15,25,BUY
4217,851,100.15,3,BUY
4255,851,100.15,33,BUY
267,851,100.15,12,BUY
438,851,100.15,6,BUY
451,851,100.15,7,BUY
518,851,100.15,20,BUY
518,856,100.15,11,BUY
518,898,100.15,51,BUY
1181,898,100.15,28,BUY
1181,908,100.15,26,BUY
1181,1028,100.15,5,BUY
1181,1408,100.15,18,BUY
1181,1453,100.15,15,BUY
1198,1453,100.15,49,BUY
2356,1453,100.15,7,BUY
2356,1463,100.15,9,BUY
2356,1595,100.15,1,BUY
2385,1595,100.15,40,BUY
2427,1595,100.15,4,BUY
2543,1595,100.15,33,BUY
2543,1675,100.15,64,BUY
2552,1688,100.15,16,BUY
2557,1688,100.15,22,BUY
2557,1712,100.15,14,BUY
2557,1793,100.15,38,BUY
2559,1793,100.15,28,BUY
2563,1793,100.15,23,BUY
2563,1803,100.15,32,BUY
2564,1803,100.15,22,BUY
2578,1803,100.15,18,BUY
2578,1832,100.15,62,BUY
2578,1838,100.15,11,BUY
2594,1915,100.15,4,BUY
2790,1915,100.15,17,BUY
2790,2019,100.15,27,BUY
2790,4572,100.15,7,BUY
2799,4572,100.15,37,BUY
2848,4572,100.15,24,BUY
2848,4612,100.15,43,BUY
2848,4643,100.15,19,BUY
2870,4643,100.15,62,BUY
3135,4643,100.15,8,BUY
3135,4684,100.15,68,BUY
3137,4684,100.15,20,BUY
3137,4695,100.15,52,BUY
3147,4695,100.15,13,BUY
3396,4695,100.15,5,BUY
3396,4732,100.15,31,BUY
3396,4758,100.15,5,BUY
3408,4758,100.15,13,BUY
3408,4762,100.15,29,BUY
3447,4762,100.15,31,BUY
3448,4762,100.15,6,BUY
3448,755,100.15,2,BUY
3448,770,100.15,24,BUY
3448,786,100.15,12,BUY
3448,815,100.15,14,BUY
3450,815,100.15,10,BUY
3459,815,100.15,38,BUY
3459,880,100.15,10,BUY
3488,880,100.15,60,BUY
3488,905,100.15,30,BUY
3488,930,100.15,2,BUY
3550,930,100.15,54,BUY
3596,930,100.15,11,BUY
3596,977,100.15,79,BUY
3614,977,100.15,19,BUY
3614,978,100.15,1,BUY
3614,1308,100.15,5,BUY
3655,1308,100.15,52,BUY
3659,1308,100.15,21,BUY
3659,1310,100.15,42,BUY
3662,1310,100.15,48,BUY
3662,1311,100.15,19,BUY
3687,1311,100.15,48,BUY
3742,1311,100.15,7,BUY
3742,1462,100.15,7,BUY
3745,1462,100.15,24,BUY
3761,1462,100.15,2,BUY
3785,1462,100.15,61,BUY
3785,1504,100.15,9,BUY
3787,1504,100.15,13,BUY
3815,1504,100.15,7,BUY
3815,1562,100.15,12,BUY
3884,1562,100.15,6,BUY
3884,1577,100.15,65,BUY
3902,1577,100.15,15,BUY
3902,1604,100.15,37,BUY
3902,1669,100.15,31,BUY
3915,1669,100.15,63,BUY
3915,1682,100.15,21,BUY
3934,1682,100.15,42,BUY
3934,1769,100.15,28,BUY
3986,1769,100.15,32,BUY
3986,1771,100.15,7,BUY
4019,1771,100.15,62,BUY
4019,1773,100.15,10,BUY
4019,1782,100.15,7,BUY
4019,1795,100.15,1,BUY
4019,1807,100.15,1,BUY
4034,1807,100.15,4,BUY
4071,1807,100.15,20,BUY
4148,1807,100.15,35,BUY
4213,1807,100.15,20,BUY
4218,1807,100.15,1,BUY
4218,1814,100.15,3,BUY
4218,1914,100.15,66,BUY
4248,1914,100.15,2,BUY
4248,1943,100.15,57,BUY
4248,1973,100.15,9,BUY
4257,1993,100.15,50,BUY
4257,2064,100.15,20,BUY
4259,2064,100.15,2,BUY
4259,4680,100.15,32,BUY
4259,4682,100.15,54,BUY
4291,4682,100.15,26,BUY
4291,4720,100.15,17,BUY
230,4720,100.15,41,BUY
230,4736,100.15,41,BUY
255,4736,100.15,12,BUY
255,5,100.15,9,BUY
264,5,100.15,35,BUY
274,5,100.15,5,BUY
274,8,100.15,30,BUY
274,717,100.15,7,BUY
305,717,100.15,34,BUY
305,745,100.15,64,BUY
329,745,100.15,18,BUY
329,769,100.15,21,BUY
335,769,100.15,59,BUY
352,769,100.15,4,BUY
352,782,100.15,47,BUY
530,782,100.15,8,BUY
530,873,100.15,36,BUY
530,906,100.15,29,BUY
530,921,100.15,8,BUY
533,921,100.15,2,BUY
1201,921,100.15,80,BUY
1201,942,100.15,5,BUY
2399,942,100.15,32,BUY
2411,942,100.15,24,BUY
2411,946,100.15,18,BUY
2527,946,100.15,8,BUY
2527,970,100.15,75,BUY
2544,970,100.15,14,BUY
2544,1074,100.15,56,BUY
2544,1316,100.15,4,BUY
2610,1316,100.15,23,BUY
2644,1316,100.15,24,BUY
2644,1330,100.15,1,BUY
2662,1330,100.15,26,BUY
2737,1330,100.15,42,BUY
2737,1331,100.15,52,BUY
2772,1331,100.15,24,BUY
2917,1331,100.15,13,BUY
2917,1429,100.15,3,BUY
3150,1429,100.15,16,BUY
3150,1481,100.15,14,BUY
3150,1524,100.15,25,BUY
3150,1540,100.15,23,BUY
3363,1540,100.15,28,BUY
3424,1540,100.15,32,BUY
3424,1723,100.15,10,BUY
3424,1726,100.15,2,BUY
3434,1726,100.15,20,BUY
3434,1752,100.15,31,BUY
3451,1752,100.15,15,BUY
3451,1779,100.15,40,BUY
3462,1779,100.15,25,BUY
3462,1820,100.15,10,BUY
3462,1823,100.15,16,BUY
3462,1833,100.15,38,BUY
3477,1833,100.15,10,BUY
3477,1934,100.15,72,BUY
3490,1934,100.15,20,BUY
3490,1998,100.15,4,BUY
3500,1998,100.15,6,BUY
3500,2040,100.15,67,BUY
3500,4584,100.15,1,BUY
3504,4584,100.15,1,BUY
3504,4614,100.15,6,BUY
3513,4614,100.15,43,BUY
3513,4642,100.15,43,BUY
3520,4642,100.15,30,BUY
3527,4642,100.15,6,BUY
3527,4645,100.15,17,BUY
3527,4649,100.15,4,BUY
3527,4657,100.15,39,BUY
3527,4701,100.15,29,BUY
3563,4701,100.15,7,BUY
3563,4724,100.15,72,BUY
3608,4724,100.15,13,BUY
3608,4,100.15,39,BUY
3610,4,100.15,17,BUY
3623,4,100.15,34,BUY
3623,40,100.15,14,BUY
3652,40,100.15,33,BUY
3654,40,100.15,5,BUY
3658,40,100.15,2,BUY
3658,46,100.15,6,BUY
3702,46,100.15,8,BUY
3702,708,100.15,10,BUY
3702,871,100.15,15,BUY
3702,922,100.15,13,BUY
3709,922,100.15,39,BUY
3757,922,100.15,15,BUY
3789,922,100.15,1,BUY
3803,922,100.15,20,BUY
3827,922,100.15,7,BUY
3827,975,100.15,4,BUY
3827,1014,100.15,11,BUY
3859,1014,100.15,47,BUY
3957,1014,100.15,9,BUY
3957,1037,100.15,67,BUY
3957,1307,100.15,14,BUY
3970,1307,100.15,41,BUY
3970,1407,100.15,10,BUY
3970,1459,100.15,27,BUY
3999,1459,100.15,68,BUY
3999,1485,100.15,6,BUY
4012,1485,100.15,42,BUY
4012,1501,100.15,16,BUY
4012,1520,100.15,15,BUY
4017,1520,100.15,29,BUY
4017,1585,100.15,14,BUY
4039,1585,100.15,32,BUY
4039,1607,100.15,12,BUY
4047,1607,100.15,59,BUY
4047,1625,100.15,7,BUY
4197,1625,100.15,43,BUY
4197,1715,100.15,16,BUY
4197,1733,100.15,11,BUY
4240,1733,100.15,7,BUY
4264,1733,100.15,38,BUY
4265,1733,100.15,38,BUY
4265,1764,100.15,26,BUY
4265,1788,100.15,1,BUY
4275,1788,100.15,60,BUY
210,1788,100.15,12,BUY
210,1942,100.15,32,BUY
218,1942,100.15,37,BUY
294,1942,100.15,5,BUY
296,1942,100.15,8,BUY
296,1962,100.15,17,BUY
343,1962,100.15,23,BUY
343,1995,100.15,9,BUY
448,1995,100.15,14,BUY
2244,1995,100.15,4,BUY
2244,2000,100.15,37,BUY
2244,2054,100.15,44,BUY
2306,2054,100.15,1,BUY
2326,2054,100.15,46,BUY
2326,2097,100.15,37,BUY
2444,2097,100.15,18,BUY
2549,2097,100.15,35,BUY
2549,4582,100.15,16,BUY
2573,4582,100.15,63,BUY
2576,4582,100.15,5,BUY
2576,4615,100.15,2,BUY
2638,4615,100.15,13,BUY
2769,4615,100.15,55,BUY
2769,4618,100.15,11,BUY
2769,4632,100.15,4,BUY
2769,4640,100.15,2,BUY
2816,4640,100.15,69,BUY
2829,4640,100.15,28,BUY
2829,4651,100.15,37,BUY
2829,4655,100.15,12,BUY
2829,4718,100.15,12,BUY
2845,4718,100.15,66,BUY
2940,4718,100.15,14,BUY
2940,4737,100.15,26,BUY
2953,4737,100.15,2,BUY
2953,45,100.15,4,BUY
3086,45,100.15,13,BUY
3106,45,100.15,33,BUY
3125,45,100.15,36,BUY
3125,716,100.15,8,BUY
3125,764,100.15,8,BUY
3125,772,100.15,20,BUY
3125,773,100.15,2,BUY
3170,773,100.15,76,BUY
3170,793,100.15,15,BUY
3357,793,100.15,4,BUY
3357,802,100.15,79,BUY
3357,819,100.15,5,BUY
3401,819,100.15,38,BUY
3417,819,100.15,31,BUY
3417,823,100.15,17,BUY
3417,870,100.15,41,BUY
3546,870,100.15,50,BUY
3546,954,100.15,24,BUY
3546,1005,100.15,10,BUY
3605,1005,100.15,79,BUY
3605,1007,100.15,12,BUY
3621,1007,100.15,46,BUY
3636,1007,100.15,11,BUY
3636,1017,100.15,20,BUY
3636,1087,100.15,30,BUY
3648,1087,100.15,69,BUY
3648,1306,100.15,4,BUY
3671,1306,100.15,45,BUY
3671,1372,100.15,18,BUY
3713,1372,100.15,29,BUY
3764,1372,100.15,18,BUY
3764,1448,100.15,9,BUY
3771,1448,100.15,11,BUY
3771,1494,100.15,34,BUY
3796,1494,100.15,26,BUY
3801,1494,100.15,36,BUY
3801,1544,100.15,9,BUY
3802,1544,100.15,15,BUY
3802,1583,100.15,53,BUY
3862,1583,100.15,7,BUY
3862,1591,100.15,6,BUY
3862,1598,100.15,27,BUY
3862,1618,100.15,24,BUY
3870,1618,100.15,28,BUY
3911,1618,100.15,10,BUY
3911,1634,100.15,47,BUY
3911,1662,100.15,20,BUY
3959,1662,100.15,54,BUY
3965,1662,100.15,2,BUY
3965,1716,100.15,75,BUY
3978,1716,100.15,4,BUY
3978,1720,100.15,9,BUY
4024,1720,100.15,4,BUY
4024,1731,100.15,38,BUY
4026,1731,100.15,34,BUY
4026,1732,100.15,62,BUY
4030,1732,100.15,22,BUY
4030,1734,100.15,35,BUY
4052,1734,100.15,13,BUY
4052,1796,100.15,28,BUY
4124,1796,100.15,5,BUY
4165,1796,100.15,44,BUY
4165,1798,100.15,2,BUY
4165,1808,100.15,33,BUY
4230,1808,100.15,36,BUY
4230,1935,100.15,5,BUY
4230,1945,100.15,13,BUY
194,1945,100.15,22,BUY
284,1945,100.15,34,BUY
284,2101,100.15,5,BUY
325,4546,100.15,8,BUY
331,4546,100.15,58,BUY
331,4576,100.15,11,BUY
2210,4576,100.15,24,BUY
2322,4576,100.15,8,BUY
2322,68,100.15,87,BUY
2322,134,100.15,1,BUY
2369,134,100.15,1,BUY
2375,134,100.15,51,BUY
2501,134,100.15,8,BUY
2501,671,100.15,51,BUY
2521,671,100.15,47,BUY
2521,693,100.15,4,BUY
2521,721,100.15,41,BUY
2528,721,100.15,27,BUY
2528,732,100.15,46,BUY
2532,732,100.15,26,BUY
2532,738,100.15,1,BUY
2532,799,100.15,47,BUY
2545,799,100.15,32,BUY
2545,827,100.15,59,BUY
2545,872,100.15,3,BUY
2554,872,100.15,56,BUY
2580,872,100.15,26,BUY
2591,872,100.15,14,BUY
2591,881,100.15,42,BUY
2602,881,100.15,10,BUY
2602,897,100.15,57,BUY
2643,897,100.15,32,BUY
2643,910,100.15,22,BUY
2643,913,100.15,1,BUY
2643,938,100.15,14,BUY
2665,938,100.15,20,BUY
2665,981,100.15,63,BUY
2687,981,100.15,4,BUY
2687,1018,100.15,26,BUY
2687,1112,100.15,7,BUY
2733,1112,100.15,81,BUY
2789,1112,100.15,4,BUY
2789,1269,100.15,23,BUY
2789,1402,100.15,21,BUY
2796,1402,100.15,16,BUY
2954,1402,100.15,32,BUY
2954,1410,100.15,14,BUY
2954,1417,100.15,37,BUY
2957,1417,100.15,41,BUY
2957,1420,100.15,20,BUY
2957,1502,100.15,37,BUY
3143,1502,100.15,30,BUY
3143,1553,100.15,36,BUY
3151,1553,100.15,17,BUY
3151,1560,100.15,39,BUY
3151,1564,100.15,16,BUY
3187,1564,100.15,14,BUY
3227,1564,100.15,8,BUY
3227,1587,100.15,84,BUY
3227,1590,100.15,3,BUY
3358,1590,100.15,52,BUY
3382,1590,100.15,20,BUY
3423,1590,100.15,15,BUY
3423,1597,100.15,35,BUY
3470,1597,100.15,21,BUY
3470,1602,100.15,36,BUY
3543,1602,100.15,24,BUY
3551,1602,100.15,7,BUY
3551,1611,100.15,8,BUY
3551,1612,100.15,10,BUY
3561,1612,100.15,53,BUY
3567,1612,100.15,8,BUY
3567,1651,100.15,68,BUY
3567,1680,100.15,7,BUY
3575,1680,100.15,27,BUY
3575,1681,100.15,64,BUY
3616,1681,100.15,18,BUY
3616,1821,100.15,25,BUY
3617,1821,100.15,58,BUY
3617,1948,100.15,21,BUY
3680,1948,100.15,52,BUY
3680,1983,100.15,1,BUY
3705,1983,100.15,51,BUY
3705,2048,100.15,17,BUY
3705,4560,100.15,17,BUY
3735,4560,100.15,25,BUY
3735,4565,100.15,56,BUY
3793,4565,100.15,17,BUY
3798,4565,100.15,9,BUY
3798,4575,100.15,19,BUY
3840,4575,100.15,2,BUY
3843,4575,100.15,14,BUY
3861,4575,100.15,30,BUY
3861,4613,100.15,18,BUY
3869,4613,100.15,38,BUY
3883,4613,100.15,16,BUY
3883,4646,100.15,8,BUY
3885,4646,100.15,6,BUY
3967,4646,100.15,69,BUY
3967,4656,100.15,2,BUY
3967,4666,100.15,7,BUY
3967,4678,100.15,8,BUY
3967,4683,100.15,5,BUY
3982,4683,100.15,1,BUY
3988,4683,100.15,18,BUY
3988,4711,100.15,32,BUY
3993,4711,100.15,11,BUY
3993,4712,100.15,27,BUY
3998,4712,100.15,69,BUY
3998,4733,100.15,2,BUY
4011,4733,100.15,1,BUY
4029,4733,100.15,56,BUY
4029,31,100.15,4,BUY
4060,31,100.15,4,BUY
4060,44,100.15,15,BUY
4084,44,100.15,42,BUY
4084,50,100.15,54,BUY
4172,50,100.15,16,BUY
4172,673,100.15,2,BUY
4207,673,100.15,23,BUY
4220,673,100.15,60,BUY
4244,673,100.15,5,BUY
4244,705,100.15,37,BUY
4244,736,100.15,58,BUY
4274,736,100.15,15,BUY
4274,751,100.15,12,BUY
4274,757,100.15,15,BUY
153,757,100.15,47,BUY
228,757,100.15,32,BUY
228,835,100.15,42,BUY
234,835,100.15,6,BUY
293,835,100.15,9,BUY
293,861,100.15,7,BUY
293,887,100.15,7,BUY
315,887,100.15,17,BUY
489,887,100.15,24,BUY
507,887,100.15,36,BUY
507,1010,100.15,45,BUY
507,1025,100.15,19,BUY
587,1025,100.15,4,BUY
587,1031,100.15,12,BUY
1148,1031,100.15,30,BUY
1171,1031,100.15,55,BUY
1171,1041,100.15,19,BUY
1221,1041,100.15,41,BUY
1221,1047,100.15,32,BUY
2242,1047,100.15,29,BUY
2283,1058,100.15,27,BUY
2349,1058,100.15,30,BUY
2349,1284,100.15,5,BUY
2368,1284,100.15,19,BUY
2368,1321,100.15,16,BUY
2368,1343,100.15,6,BUY
2380,1343,100.15,6,BUY
2380,1392,100.15,26,BUY
2383,1392,100.15,10,BUY
2383,1401,100.15,14,BUY
2534,1401,100.15,32,BUY
2604,1401,100.15,35,BUY
2604,1488,100.15,26,BUY
2612,1488,100.15,24,BUY
2641,1488,100.15,24,BUY
2641,1516,100.15,26,BUY
2641,1518,100.15,45,BUY
2648,1518,100.15,21,BUY
2724,1518,100.15,8,BUY
2724,1543,100.15,22,BUY
2724,1545,100.15,22,BUY
2724,1565,100.15,1,BUY
2734,1565,100.15,33,BUY
2734,1573,100.15,8,BUY
2734,1608,100.15,16,BUY
2775,1608,100.15,57,BUY
2775,1623,100.15,36,BUY
2865,1623,100.15,54,BUY
2865,1632,100.15,8,BUY
2875,1632,100.15,52,BUY
2875,1640,100.15,24,BUY
2943,1640,100.15,51,BUY
2945,1640,100.15,9,BUY
2945,1649,100.15,12,BUY
2956,1649,100.15,37,BUY
2956,1684,100.15,19,BUY
3058,1684,100.15,11,BUY
3058,1691,100.15,29,BUY
3058,1704,100.15,15,BUY
3104,1704,100.15,79,BUY
3107,1711,100.15,41,BUY
3107,2066,100.15,18,BUY
3107,2073,100.15,5,BUY
3119,2073,100.15,35,BUY
3119,2091,100.15,30,BUY
3122,2091,100.15,7,BUY
3126,2091,100.15,5,BUY
3126,2114,100.15,17,BUY
3325,2114,100.15,11,BUY
3325,3302,100.15,21,BUY
3347,3302,100.15,5,BUY
3347,4428,100.15,45,BUY
3418,4428,100.15,17,BUY
3445,4428,100.15,32,BUY
3445,4438,100.15,35,BUY
3445,4511,100.15,31,BUY
3468,4511,100.15,12,BUY
3468,4558,100.15,61,BUY
3468,4591,100.15,5,BUY
3495,4591,100.15,75,BUY
3495,4607,100.15,15,BUY
3515,4607,100.15,15,BUY
3515,4687,100.15,32,BUY
3529,4687,100.15,40,BUY
3529,4707,100.15,25,BUY
3529,54,100.15,25,BUY
3571,54,100.15,10,BUY
3571,55,100.15,26,BUY
3571,56,100.15,34,BUY
3595,56,100.15,18,BUY
3595,62,100.15,30,BUY
3602,62,100.15,17,BUY
3602,700,100.15,54,BUY
3665,700,100.15,17,BUY
3665,709,100.15,8,BUY
3675,709,100.15,8,BUY
3675,718,100.15,3,BUY
3675,809,100.15,16,BUY
3677,809,100.15,44,BUY
3677,810,100.15,3,BUY
3700,810,100.15,48,BUY
3704,810,100.15,6,BUY
3737,810,100.15,15,BUY
3737,840,100.15,38,BUY
3737,847,100.15,24,BUY
3737,860,100.15,16,BUY
3741,860,100.15,49,BUY
3778,860,100.15,34,BUY
3778,865,100.15,35,BUY
3778,925,100.15,2,BUY
3780,925,100.15,12,BUY
3781,925,100.15,15,BUY
3834,925,100.15,30,BUY
3900,925,100.15,31,BUY
3900,928,100.15,18,BUY
3905,928,100.15,30,BUY
3905,934,100.15,17,BUY
3905,943,100.15,31,BUY
3909,943,100.15,56,BUY
3954,943,100.15,7,BUY
3954,964,100.15,35,BUY
3954,987,100.15,4,BUY
3960,987,100.15,35,BUY
3969,987,100.15,16,BUY
3969,993,100.15,70,BUY
3969,1081,100.15,7,BUY
3979,1081,100.15,49,BUY
3979,1268,100.15,38,BUY
3990,1268,100.15,17,BUY
3990,1313,100.15,60,BUY
4058,1313,100.15,40,BUY
4058,1329,100.15,29,BUY
4066,1329,100.15,22,BUY
4066,1439,100.15,54,BUY
4105,1439,100.15,35,BUY
4105,1555,100.15,12,BUY
4150,1555,100.15,15,BUY
4212,1555,100.15,16,BUY
4226,1555,100.15,38,BUY
4226,1556,100.15,55,BUY
4235,1556,100.15,32,BUY
4235,1568,100.15,25,BUY
4250,1568,100.15,43,BUY
4250,1576,100.15,28,BUY
4253,1576,100.15,1,BUY
4253,1582,100.15,26,BUY
4507,1582,100.15,12,BUY
4507,1605,100.15,15,BUY
180,1605,100.15,37,BUY
180,1606,100.15,49,BUY
200,1606,100.15,35,BUY
200,1636,100.15,46,BUY
201,1636,100.15,11,BUY
201,1652,100.15,47,BUY
217,1652,100.15,7,BUY
236,1652,100.15,16,BUY
245,1652,100.15,4,BUY
245,1653,100.15,59,BUY
245,1730,100.15,32,BUY
490,1730,100.15,9,BUY
490,1739,100.15,25,BUY
509,1739,100.15,36,BUY
561,1739,100.15,20,BUY
561,1982,100.15,22,BUY
1183,1982,100.15,8,BUY
1190,1982,100.15,53,BUY
1190,2017,100.15,29,BUY
2296,2017,100.15,52,BUY
2296,2025,100.15,19,BUY
2317,2025,100.15,64,BUY
2317,2031,100.15,10,BUY
2329,2031,100.15,11,BUY
2329,2033,100.15,20,BUY
2343,2033,100.15,4,BUY
2414,2033,100.15,33,BUY
2414,2062,100.15,5,BUY
2433,2062,100.15,28,BUY
2435,2062,100.15,33,BUY
2445,2062,100.15,7,BUY
2445,2139,100.15,16,BUY
2445,2168,100.15,49,BUY
2462,2168,100.15,44,BUY
2462,2181,100.15,30,BUY
2500,2181,100.15,8,BUY
2500,2182,100.15,12,BUY
2506,2182,100.15,22,BUY
2507,2182,100.15,30,BUY
2507,2192,100.15,40,BUY
2513,2192,100.15,39,BUY
2513,3311,100.15,33,BUY
2538,3311,100.15,18,BUY
2572,3311,100.15,5,BUY
2583,3311,100.15,17,BUY
2583,3323,100.15,40,BUY
2583,4402,100.15,24,BUY
2608,4402,100.15,48,BUY
2608,4414,100.15,11,BUY
2608,4538,100.15,20,BUY
2608,4566,100.15,7,BUY
2649,4566,100.15,55,BUY
2670,4566,100.15,34,BUY
2670,4592,100.15,32,BUY
2671,4592,100.15,29,BUY
2671,4600,100.15,4,BUY
2671,4668,100.15,15,BUY
2671,14,100.15,7,BUY
2674,14,100.15,2,BUY
2681,14,100.15,20,BUY
2706,14,100.15,46,BUY
2706,25,100.15,40,BUY
2723,25,100.15,30,BUY
2781,25,100.15,22,BUY
2781,27,100.15,1,BUY
2810,703,100.15,24,BUY
2810,742,100.15,23,BUY
2810,744,100.15,42,BUY
2819,744,100.15,2,BUY
2860,744,100.15,10,BUY
2860,779,100.15,31,BUY
2874,779,100.15,37,BUY
2874,784,100.15,18,BUY
2874,804,100.15,11,BUY
2897,804,100.15,42,BUY
2897,822,100.15,20,BUY
2991,822,100.15,54,BUY
2991,867,100.15,5,BUY
3021,867,100.15,40,BUY
3049,867,100.15,26,BUY
3049,879,100.15,39,BUY
3219,879,100.15,52,BUY
3219,950,100.15,32,BUY
3236,950,100.15,5,BUY
3236,1027,100.15,36,BUY
3236,1039,100.15,11,BUY
3236,1069,100.15,16,BUY
3236,1117,100.15,5,BUY
3336,1117,100.15,32,BUY
3336,1251,100.15,42,BUY
3388,1251,100.15,21,BUY
3398,1251,100.15,8,BUY
3429,1251,100.15,21,BUY
3429,1252,100.15,29,BUY
3438,1252,100.15,21,BUY
3453,1252,100.15,27,BUY
3453,1258,100.15,13,BUY
3454,1258,100.15,28,BUY
3458,1258,100.15,42,BUY
3458,1293,100.15,50,BUY
3478,1293,100.15,3,BUY
3554,1293,100.15,15,BUY
3554,1418,100.15,2,BUY
3569,1418,100.15,50,BUY
3581,1418,100.15,5,BUY
3640,1418,100.15,24,BUY
3666,1418,100.15,5,BUY
3666,1492,100.15,34,BUY
3691,1492,100.15,31,BUY
3711,1492,100.15,6,BUY
3711,1536,100.15,24,BUY
3711,1552,100.15,29,BUY
3758,1552,100.15,38,BUY
3758,1635,100.15,30,BUY
3774,1635,100.15,10,BUY
3774,1644,100.15,34,BUY
3918,1644,100.15,49,BUY
3918,1694,100.15,27,BUY
3918,1705,100.15,4,BUY
3918,1722,100.15,6,BUY
3927,1722,100.15,78,BUY
3950,1722,100.15,10,BUY
3950,2038,100.15,11,BUY
3951,2038,100.15,54,BUY
3966,2038,100.15,17,BUY
3966,2170,100.15,47,BUY
4003,2170,100.15,20,BUY
4003,4334,100.15,29,BUY
4003,4358,100.15,10,BUY
4005,4358,100.15,71,BUY
4005,4427,100.15,24,BUY
4056,4427,100.15,1,BUY
4057,4427,100.15,31,BUY
4057,4434,100.15,29,BUY
4057,4452,100.15,33,BUY
4086,4452,100.15,19,BUY
4106,4452,100.15,5,BUY
4106,4509,100.15,69,BUY
4106,4574,100.15,11,BUY
4106,4579,100.15,10,BUY
4145,4579,100.15,38,BUY
4145,4585,100.15,24,BUY
4203,4585,100.15,38,BUY
4203,4611,100.15,53,BUY
4210,4611,100.15,12,BUY
4210,4664,100.15,5,BUY
4210,11,100.15,8,BUY
4233,11,100.15,21,BUY
4233,19,100.15,24,BUY
4260,19,100.15,41,BUY
4260,67,100.15,6,BUY
4281,67,100.15,79,BUY
4281,118,100.15,1,BUY
4290,118,100.15,86,BUY
4290,149,100.15,11,BUY
231,149,100.15,31,BUY
237,149,100.15,24,BUY
487,149,100.15,30,BUY
487,610,100.15,32,BUY
503,610,100.15,28,BUY
503,720,100.15,12,BUY
531,720,100.15,74,BUY
570,720,100.15,8,BUY
570,788,100.15,74,BUY
588,788,100.15,11,BUY
588,800,100.15,32,BUY
589,800,100.15,61,BUY
589,829,100.15,39,BUY
609,829,100.15,20,BUY
609,852,100.15,13,BUY
1180,852,100.15,44,BUY
1195,852,100.15,3,BUY
1210,852,100.15,9,BUY
1210,1000,100.15,1,BUY
2194,1000,100.15,12,BUY
2194,1056,100.15,20,BUY
2194,1073,100.15,8,BUY
2253,1073,100.15,75,BUY
2253,1253,100.15,4,BUY
2320,1253,100.15,27,BUY
2346,1253,100.15,12,BUY
2346,1255,100.15,30,BUY
2346,1309,100.15,5,BUY
2366,1309,100.15,11,BUY
2379,1309,100.15,22,BUY
2379,1384,100.15,33,BUY
2379,1399,100.15,12,BUY
2384,1399,100.15,15,BUY
2384,1426,100.15,23,BUY
2391,1426,100.15,14,BUY
2405,1426,100.15,44,BUY
2408,1426,100.15,9,BUY
2408,1437,100.15,55,BUY
2408,1468,100.15,32,BUY
2420,1468,100.15,36,BUY
2420,1483,100.15,16,BUY
2434,1483,100.15,12,BUY
2434,1486,100.15,87,BUY
2447,1506,100.15,25,BUY
2447,1507,100.15,14,BUY
2447,1534,100.15,12,BUY
2458,1534,100.15,14,BUY
2458,1542,100.15,49,BUY
2619,1542,100.15,2,BUY
2619,1594,100.15,9,BUY
2619,1613,100.15,46,BUY
2642,1613,100.15,11,BUY
2642,1657,100.15,23,BUY
2663,1657,100.15,18,BUY
2663,2084,100.15,19,BUY
2682,2084,100.15,19,BUY
2682,2124,100.15,37,BUY
2682,2161,100.15,15,BUY
2682,4327,100.15,2,BUY
2715,4327,100.15,1,BUY
2811,4327,100.15,48,BUY
2914,4327,100.15,34,BUY
2914,4344,100.15,14,BUY
2914,4489,100.15,46,BUY
2968,4489,100.15,19,BUY
2968,4522,100.15,33,BUY
2968,4541,100.15,39,BUY
2976,4541,100.15,1,BUY
3070,4541,100.15,33,BUY
3131,4571,100.15,50,BUY
3166,4571,100.15,41,BUY
3171,4571,100.15,1,BUY
3212,4571,100.15,7,BUY
3212,4573,100.15,2,BUY
3217,4573,100.15,83,BUY
3217,4580,100.15,16,BUY
3449,4580,100.15,3,BUY
3467,4580,100.15,30,BUY
3486,4580,100.15,22,BUY
3486,4594,100.15,55,BUY
3506,4594,100.15,14,BUY
3537,4594,100.15,10,BUY
3549,4594,100.15,10,BUY
3549,4596,100.15,27,BUY
3549,4610,100.15,35,BUY
3549,7,100.15,13,BUY
3570,7,100.15,34,BUY
3570,18,100.15,15,BUY
3570,64,100.15,42,BUY
3577,64,100.15,12,BUY
3577,142,100.15,14,BUY
3582,142,100.15,24,BUY
3582,573,100.15,11,BUY
3693,573,100.15,43,BUY
3699,573,100.15,23,BUY
3699,669,100.15,51,BUY
3901,669,100.15,4,BUY
3944,669,100.15,15,BUY
3972,669,100.15,9,BUY
3972,733,100.15,51,BUY
3981,733,100.15,35,BUY
4018,733,100.15,4,BUY
4018,737,100.15,51,BUY
4077,737,100.15,7,BUY
4077,743,100.15,70,BUY
4125,743,100.15,13,BUY
4125,796,100.15,23,BUY
4216,831,100.15,11,BUY
4236,831,100.15,61,BUY
4236,842,100.15,12,BUY
4387,842,100.15,32,BUY
4392,842,100.15,48,BUY
4392,886,100.15,3,BUY
4392,955,100.15,39,BUY
4392,959,100.15,8,BUY
4404,959,100.15,11,BUY
4454,959,100.15,58,BUY
162,959,100.15,12,BUY
162,988,100.15,46,BUY
162,997,100.15,21,BUY
204,997,100.15,40,BUY
204,1035,100.15,4,BUY
216,1035,100.15,55,BUY
216,1054,100.15,10,BUY
250,1054,100.15,24,BUY
250,1077,100.15,7,BUY
262,1077,100.15,39,BUY
262,1080,100.15,21,BUY
271,1080,100.15,23,BUY
271,1097,100.15,13,BUY
272,1097,100.15,8,BUY
272,1120,100.15,16,BUY
272,1130,100.15,23,BUY
281,1130,100.15,25,BUY
281,1139,100.15,24,BUY
281,1290,100.15,46,BUY
301,1290,100.15,2,BUY
515,1290,100.15,15,BUY
515,1326,100.15,3,BUY
515,1356,100.15,74,BUY
547,1356,100.15,5,BUY
547,1378,100.15,10,BUY
1092,1378,100.15,15,BUY
1092,1387,100.15,17,BUY
1092,1496,100.15,22,BUY
1194,1496,100.15,44,BUY
2187,1496,100.15,33,BUY
2187,1510,100.15,22,BUY
2187,1519,100.15,37,BUY
2187,1569,100.15,6,BUY
2207,1569,100.15,49,BUY
2207,1589,100.15,25,BUY
2208,1589,100.15,26,BUY
2213,1589,100.15,27,BUY
2213,1600,100.15,25,BUY
2213,1677,100.15,40,BUY
2219,1677,100.15,28,BUY
2235,1677,100.15,19,BUY
2235,1678,100.15,10,BUY
2275,1678,100.15,30,BUY
2413,1678,100.15,1,BUY
2413,1685,100.15,62,BUY
2413,2046,100.15,17,BUY
2413,2112,100.15,18,BUY
2425,2112,100.15,38,BUY
2450,2112,100.15,23,BUY
2450,2138,100.15,37,BUY
2464,2138,100.15,1,BUY
2464,2189,100.15,51,BUY
2476,2189,100.15,29,BUY
2476,2297,100.15,41,BUY
2476,3245,100.15,16,BUY
2476,3270,100.15,3,BUY
2495,3270,100.15,27,BUY
2495,3332,100.15,60,BUY
2533,3332,100.15,29,BUY
2533,4468,100.15,39,BUY
2533,4533,100.15,25,BUY
2535,4533,100.15,70,BUY
2535,4534,100.15,1,BUY
2535,4539,100.15,8,BUY
2587,4539,100.15,14,BUY
2587,36,100.15,20,BUY
2587,63,100.15,30,BUY
2597,63,100.15,35,BUY
2597,125,100.15,27,BUY
2597,582,100.15,12,BUY
2650,582,100.15,2,BUY
2650,658,100.15,7,BUY
2653,658,100.15,17,BUY
2659,658,100.15,21,BUY
2659,680,100.15,2,BUY
2694,680,100.15,11,BUY
2694,683,100.15,28,BUY
2713,683,100.15,18,BUY
2713,719,100.15,35,BUY
2792,719,100.15,37,BUY
2792,735,100.15,42,BUY
2792,825,100.15,20,BUY
2808,825,100.15,59,BUY
2808,1011,100.15,34,BUY
2825,1011,100.15,7,BUY
2825,1012,100.15,15,BUY
2850,1012,100.15,9,BUY
2850,1021,100.15,47,BUY
2850,1102,100.15,33,BUY
2907,1102,100.15,24,BUY
2907,1118,100.15,62,BUY
2916,1118,100.15,14,BUY
2916,1317,100.15,16,BUY
2960,1317,100.15,43,BUY
2960,1363,100.15,57,BUY
3113,1363,100.15,3,BUY
3113,1400,100.15,11,BUY
3113,1415,100.15,27,BUY
3152,1415,100.15,26,BUY
3165,1415,100.15,35,BUY
3165,1450,100.15,31,BUY
3178,1450,100.15,68,BUY
3178,1499,100.15,3,BUY
3178,1580,100.15,6,BUY
3289,1580,100.15,28,BUY
3289,1620,100.15,29,BUY
3393,1620,100.15,32,BUY
3412,1620,100.15,7,BUY
3412,1630,100.15,71,BUY
3412,2075,100.15,14,BUY
3481,2075,100.15,59,BUY
3481,2077,100.15,17,BUY
3481,2106,100.15,6,BUY
3510,2106,100.15,9,BUY
3510,2144,100.15,16,BUY
3519,2144,100.15,1,BUY
3574,2144,100.15,13,BUY
3585,2144,100.15,19,BUY
3585,3190,100.15,19,BUY
3606,3190,100.15,43,BUY
3673,3190,100.15,10,BUY
3673,3206,100.15,67,BUY
3723,3206,100.15,8,BUY
3947,4376,100.15,14,BUY
3947,4381,100.15,55,BUY
3947,4384,100.15,21,BUY
3973,4384,100.15,30,BUY
3973,4473,100.15,48,BUY
3975,4473,100.15,35,BUY
3975,4490,100.15,26,BUY
3985,4490,100.15,10,BUY
3985,4506,100.15,68,BUY
3985,4548,100.15,13,BUY
4182,4548,100.15,26,BUY
4192,4548,100.15,13,BUY
4195,38,100.15,21,BUY
4195,57,100.15,52,BUY
4195,104,100.15,7,BUY
4195,171,100.15,20,BUY
4206,171,100.15,9,BUY
4206,185,100.15,82,BUY
4206,202,100.15,3,BUY
4261,202,100.15,18,BUY
4272,202,100.15,44,BUY
4272,552,100.15,14,BUY
4277,552,100.15,17,BUY
4285,552,100.15,7,BUY
4294,552,100.15,14,BUY
4294,554,100.15,76,BUY
4294,593,100.15,8,BUY
4309,593,100.15,8,BUY
4324,593,100.15,29,BUY
4324,619,100.15,60,BUY
4338,619,100.15,11,BUY
4338,722,100.15,33,BUY
4383,722,100.15,16,BUY
4383,826,100.15,11,BUY
4383,848,100.15,35,BUY
4383,967,100.15,16,BUY
4420,967,100.15,34,BUY
4439,967,100.15,19,BUY
4439,980,100.15,28,BUY
4439,1006,100.15,4,BUY
97,1006,100.15,11,BUY
112,1006,100.15,24,BUY
112,1009,100.15,13,BUY
112,1020,100.15,3,BUY
112,1030,100.15,49,BUY
131,1030,100.15,1,BUY
131,1038,100.15,38,BUY
190,1038,100.15,57,BUY
190,1071,100.15,41,BUY
191,1071,100.15,20,BUY
191,1246,100.15,29,BUY
239,1246,100.15,40,BUY
285,1246,100.15,17,BUY
285,1264,100.15,55,BUY
285,1285,100.15,21,BUY
308,1285,100.15,3,BUY
308,1300,100.15,60,BUY
517,1300,100.15,37,BUY
517,1336,100.15,31,BUY
517,1359,100.15,4,BUY
1101,1359,100.15,35,BUY
1143,1359,100.15,8,BUY
1143,1394,100.15,16,BUY
1145,1394,100.15,6,BUY
1145,1411,100.15,47,BUY
1170,1411,100.15,51,BUY
1170,1456,100.15,42,BUY
1242,1456,100.15,21,BUY
1242,1509,100.15,48,BUY
1362,1509,100.15,2,BUY
1362,1563,100.15,20,BUY
1362,1596,100.15,51,BUY
1383,1596,100.15,21,BUY
1383,1656,100.15,32,BUY
1383,1670,100.15,37,BUY
1383,2018,100.15,6,BUY
2211,2018,100.15,51,BUY
2211,2030,100.15,14,BUY
2248,2030,100.15,30,BUY
2248,2039,100.15,3,BUY
2248,2065,100.15,11,BUY
2257,2065,100.15,49,BUY
2257,2109,100.15,40,BUY
2287,2109,100.15,26,BUY
2287,2121,100.15,20,BUY
2312,2121,100.15,15,BUY
2312,2143,100.15,30,BUY
2323,2143,100.15,25,BUY
2323,2152,100.15,11,BUY
2325,2152,100.15,15,BUY
2325,2163,100.15,39,BUY
2325,2188,100.15,8,BUY
2389,2188,100.15,31,BUY
2403,2188,100.15,44,BUY
2424,2188,100.15,13,BUY
2424,3012,100.15,16,BUY
2424,3272,100.15,44,BUY
2436,3272,100.15,19,BUY
2436,3294,100.15,47,BUY
2486,3294,100.15,42,BUY
2486,3322,100.15,4,BUY
2498,3322,100.15,16,BUY
2498,4357,100.15,10,BUY
2502,4357,100.15,72,BUY
2514,4357,100.15,3,BUY
2514,4367,100.15,4,BUY
2514,4425,100.15,20,BUY
2514,4459,100.15,23,BUY
2637,4459,100.15,4,BUY
2637,4465,100.15,1,BUY
2637,4475,100.15,6,BUY
2637,4513,100.15,37,BUY
2637,4525,100.15,49,BUY
2691,4525,100.15,24,BUY
2936,4525,100.15,1,BUY
2936,4527,100.15,55,BUY
2936,4559,100.15,40,BUY
2970,4559,100.15,37,BUY
2970,20,100.15,34,BUY
2978,20,100.15,44,BUY
2978,21,100.15,1,BUY
2978,70,100.15,23,BUY
2981,70,100.15,41,BUY
2981,143,100.15,19,BUY
3016,143,100.15,3,BUY
3016,551,100.15,57,BUY
3016,637,100.15,34,BUY
3023,637,100.15,7,BUY
3050,637,100.15,39,BUY
3050,684,100.15,40,BUY
3136,684,100.15,39,BUY
3136,983,100.15,19,BUY
3161,983,100.15,10,BUY
3161,1023,100.15,33,BUY
3161,1104,100.15,23,BUY
3195,1104,100.15,50,BUY
3205,1104,100.15,21,BUY
3205,1146,100.15,77,BUY
3237,1146,100.15,20,BUY
3237,1263,100.15,12,BUY
3237,1322,100.15,23,BUY
3255,1322,100.15,9,BUY
3255,1419,100.15,71,BUY
3263,1419,100.15,14,BUY
3263,1421,100.15,9,BUY
3263,1434,100.15,27,BUY
3275,1434,100.15,26,BUY
3275,1497,100.15,13,BUY
3376,1497,100.15,1,BUY
3376,1619,100.15,29,BUY
3376,1648,100.15,23,BUY
3397,1648,100.15,13,BUY
3464,1648,100.15,49,BUY
3469,1648,100.15,7,BUY
3469,1655,100.15,30,BUY
3469,1661,100.15,5,BUY
3475,1661,100.15,1,BUY
3502,1661,100.15,40,BUY
3502,1668,100.15,37,BUY
3502,2023,100.15,9,BUY
3516,2023,100.15,27,BUY
3572,2023,100.15,15,BUY
3611,2023,100.15,5,BUY
3611,2027,100.15,12,BUY
3619,2027,100.15,46,BUY
3627,2027,100.15,37,BUY
3627,2056,100.15,53,BUY
3645,2056,100.15,21,BUY
3645,2058,100.15,32,BUY
4063,2058,100.15,44,BUY
4081,2058,100.15,6,BUY
4081,2081,100.15,63,BUY
4092,2081,100.15,34,BUY
4136,2081,100.15,3,BUY
4136,2113,100.15,1,BUY
4136,2165,100.15,19,BUY
4136,2166,100.15,19,BUY
4205,2166,100.15,36,BUY
4214,2166,100.15,18,BUY
4214,2236,100.15,59,BUY
4214,2470,100.15,14,BUY
4280,2470,100.15,22,BUY
4299,2470,100.15,33,BUY
4299,2492,100.15,6,BUY
4477,2492,100.15,45,BUY
4477,2911,100.15,12,BUY
156,2911,100.15,34,BUY
166,2911,100.15,17,BUY
166,3010,100.15,49,BUY
166,3077,100.15,32,BUY
187,3077,100.15,20,BUY
187,3169,100.15,67,BUY
195,3169,100.15,18,BUY
195,3175,100.15,24,BUY
195,3188,100.15,14,BUY
252,3188,100.15,73,BUY
252,3193,100.15,1,BUY
265,3193,100.15,23,BUY
265,3238,100.15,11,BUY
265,3259,100.15,20,BUY
526,3259,100.15,43,BUY
548,3259,100.15,33,BUY
557,3283,100.15,28,BUY
557,3324,100.15,47,BUY
557,3337,100.15,16,BUY
633,3337,100.15,3,BUY
641,3337,100.15,60,BUY
641,4189,100.15,10,BUY
1141,4189,100.15,18,BUY
1141,4322,100.15,10,BUY
1141,4346,100.15,16,BUY
1161,4346,100.15,16,BUY
1166,4346,100.15,17,BUY
1196,4346,100.15,36,BUY
1196,4347,100.15,23,BUY
1200,4347,100.15,17,BUY
1209,4347,100.15,46,BUY
1209,4391,100.15,19,BUY
1385,4391,100.15,38,BUY
1385,4422,100.15,61,BUY
2178,4422,100.15,17,BUY
2178,4542,100.15,8,BUY
2268,4542,100.15,49,BUY
2268,4557,100.15,5,BUY
2293,4557,100.15,5,BUY
2298,4557,100.15,4,BUY
2298,66,100.15,35,BUY
2305,66,100.15,22,BUY
2305,105,100.15,2,BUY
2305,164,100.15,16,BUY
2469,164,100.15,9,BUY
2469,169,100.15,31,BUY
2469,591,100.15,2,BUY
2537,591,100.15,60,BUY
2541,591,100.15,7,BUY
2541,631,100.15,21,BUY
2541,688,100.15,53,BUY
2541,697,100.15,7,BUY
2672,697,100.15,33,BUY
2672,707,100.15,1,BUY
2673,707,100.15,89,BUY
2705,711,100.15,50,BUY
2705,836,100.15,16,BUY
2711,836,100.15,17,BUY
2842,836,100.15,30,BUY
2843,836,100.15,36,BUY
2843,1022,100.15,53,BUY
2863,1022,100.15,42,BUY
2863,1061,100.15,1,BUY
2877,1061,100.15,62,BUY
2891,1061,100.15,36,BUY
2905,1076,100.15,14,BUY
2905,1083,100.15,39,BUY
2905,1116,100.15,37,BUY
2908,1116,100.15,2,BUY
2908,1128,100.15,59,BUY
2908,1169,100.15,23,BUY
2997,1169,100.15,21,BUY
3116,1169,100.15,12,BUY
3116,1215,100.15,30,BUY
3116,1341,100.15,27,BUY
3138,1341,100.15,20,BUY
3160,1341,100.15,7,BUY
3160,1375,100.15,62,BUY
3160,1388,100.15,25,BUY
3160,1639,100.15,2,BUY
3174,1639,100.15,6,BUY
3185,1639,100.15,9,BUY
3185,1664,100.15,63,BUY
3215,1664,100.15,27,BUY
3215,2085,100.15,55,BUY
3215,2108,100.15,18,BUY
3278,2108,100.15,22,BUY
3279,2108,100.15,20,BUY
3279,2133,100.15,47,BUY
3309,2133,100.15,41,BUY
3309,2224,100.15,33,BUY
3390,2224,100.15,13,BUY
3390,2229,100.15,42,BUY
3433,2229,100.15,56,BUY
3433,2276,100.15,2,BUY
3439,2276,100.15,29,BUY
3439,2793,100.15,18,BUY
3452,2793,100.15,8,BUY
3579,2793,100.15,49,BUY
3580,2793,100.15,10,BUY
3587,2793,100.15,3,BUY
3587,3007,100.15,4,BUY
3598,3007,100.15,11,BUY
3598,3017,100.15,1,BUY
3598,3184,100.15,43,BUY
3604,3184,100.15,1,BUY
3604,3284,100.15,23,BUY
3604,3304,100.15,61,BUY
4006,3304,100.15,19,BUY
4006,4400,100.15,59,BUY
4006,4423,100.15,1,BUY
4048,4423,100.15,2,BUY
4048,4543,100.15,51,BUY
4050,4543,100.15,9,BUY
4050,4545,100.15,62,BUY
4050,4550,100.15,5,BUY
4082,4550,100.15,45,BUY
