buyer_id,seller_id,price,qty,taker_side
6,5,100.03,49,BUY
6,4,100.04,20,BUY
12,9,99.99,27,BUY
12,8,100.03,25,BUY
15,8,100.03,5,BUY
15,4,100.04,59,BUY
16,4,100.04,11,BUY
13,17,99.94,19,SELL
3,17,99.92,52,SELL
28,23,100.0,10,BUY
29,23,100.0,53,BUY
29,25,100.09,21,BUY
30,25,100.09,56,BUY
32,31,100.07,8,BUY
32,25,100.09,15,BUY
32,27,100.09,1,BUY
26,37,99.97,16,SELL
33,37,99.97,54,SELL
42,49,100.02,2,SELL
51,49,100.01,47,BUY
52,49,100.01,22,BUY
52,40,100.04,31,BUY
59,40,100.04,23,BUY
59,46,100.04,14,BUY
59,45,100.05,40,BUY
71,45,100.05,46,BUY
82,68,100.06,17,BUY
83,68,100.06,60,BUY
84,68,100.06,10,BUY
84,50,100.07,26,BUY
85,50,100.07,29,BUY
87,50,100.07,15,BUY
90,11,100.1,29,BUY
90,19,100.1,44,BUY
96,19,100.1,21,BUY
96,67,100.1,23,BUY
97,67,100.1,11,BUY
89,100,100.09,46,SELL
101,67,100.1,51,BUY
101,7,100.11,45,BUY
103,7,100.11,2,BUY
103,18,100.11,15,BUY
103,64,100.11,21,BUY
107,64,100.11,20,BUY
110,64,100.11,13,BUY
110,36,100.12,20,BUY
110,63,100.12,47,BUY
112,63,100.12,18,BUY
112,38,100.13,21,BUY
112,57,100.13,50,BUY
131,118,100.1,39,BUY
89,134,100.09,5,SELL
91,134,100.09,2,SELL
87,134,100.08,54,SELL
138,118,100.1,34,BUY
144,118,100.1,14,BUY
144,149,100.1,46,SELL
153,149,100.1,47,BUY
155,149,100.1,3,BUY
155,142,100.11,38,BUY
155,125,100.12,27,BUY
156,57,100.13,2,BUY
156,104,100.13,7,BUY
156,21,100.14,1,BUY
156,143,100.14,22,BUY
156,66,100.15,2,BUY
160,66,100.15,31,BUY
162,66,100.15,24,BUY
162,74,100.16,55,BUY
166,168,100.15,70,SELL
166,169,100.15,28,SELL
179,171,100.13,29,BUY
180,169,100.15,3,BUY
180,74,100.16,3,BUY
180,115,100.16,10,BUY
180,130,100.16,70,BUY
179,185,100.14,43,SELL
187,185,100.13,39,BUY
190,130,100.16,29,BUY
190,147,100.16,31,BUY
194,111,100.17,22,BUY
200,111,100.17,12,BUY
200,151,100.17,69,BUY
201,151,100.17,12,BUY
201,80,100.18,46,BUY
190,202,100.16,38,SELL
191,202,100.16,27,SELL
204,208,100.17,40,SELL
210,80,100.18,23,BUY
210,88,100.18,21,BUY
211,88,100.18,38,BUY
204,215,100.17,4,SELL
191,215,100.16,21,SELL
217,88,100.18,7,BUY
218,88,100.18,34,BUY
218,116,100.18,3,BUY
221,116,100.18,4,BUY
228,116,100.18,50,BUY
228,198,100.18,23,BUY
228,121,100.19,1,BUY
230,121,100.19,44,BUY
230,122,100.19,37,BUY
230,132,100.19,1,BUY
232,132,100.19,44,BUY
234,135,100.19,5,BUY
234,136,100.19,1,BUY
236,136,100.19,12,BUY
236,145,100.19,4,BUY
245,145,100.19,83,BUY
245,177,100.19,12,BUY
255,177,100.19,21,BUY
257,177,100.19,8,BUY
257,197,100.19,31,BUY
257,86,100.2,3,BUY
257,167,100.2,39,BUY
261,167,100.2,38,BUY
261,148,100.21,36,BUY
261,176,100.21,14,BUY
264,176,100.21,35,BUY
267,176,100.21,7,BUY
267,192,100.21,5,BUY
268,192,100.21,46,BUY
274,219,100.21,12,BUY
274,254,100.21,30,BUY
231,275,100.18,31,SELL
237,275,100.18,8,SELL
284,254,100.21,26,BUY
290,163,100.22,31,BUY
290,225,100.22,31,BUY
290,240,100.22,9,BUY
294,240,100.22,5,BUY
296,240,100.22,25,BUY
302,240,100.22,21,BUY
305,240,100.22,34,BUY
305,241,100.22,10,BUY
305,248,100.22,54,BUY
309,248,100.22,34,BUY
309,298,100.22,25,BUY
314,298,100.22,27,BUY
314,92,100.23,43,BUY
317,92,100.23,48,BUY
317,98,100.23,45,BUY
320,98,100.23,13,BUY
320,114,100.23,5,BUY
324,114,100.23,24,BUY
329,114,100.23,39,BUY
333,114,100.23,17,BUY
333,157,100.23,78,BUY
334,157,100.23,4,BUY
334,161,100.23,54,BUY
334,181,100.23,6,BUY
335,181,100.23,8,BUY
335,206,100.23,51,BUY
336,206,100.23,36,BUY
336,207,100.23,34,BUY
337,207,100.23,59,BUY
337,292,100.23,30,BUY
337,93,100.24,9,BUY
338,93,100.24,28,BUY
342,93,100.24,33,BUY
344,93,100.24,12,BUY
345,93,100.24,11,BUY
346,93,100.24,7,BUY
346,184,100.24,45,BUY
346,247,100.24,16,BUY
353,178,100.25,9,BUY
353,203,100.25,15,BUY
356,203,100.25,56,BUY
357,203,100.25,3,BUY
357,246,100.25,9,BUY
358,246,100.25,82,BUY
358,249,100.25,18,BUY
360,249,100.25,3,BUY
360,273,100.25,53,BUY
361,273,100.25,39,BUY
361,199,100.26,54,BUY
362,199,100.26,29,BUY
362,226,100.26,14,BUY
363,226,100.26,1,BUY
363,238,100.26,17,BUY
364,238,100.26,41,BUY
366,238,100.26,36,BUY
366,260,100.26,34,BUY
376,260,100.26,30,BUY
376,299,100.26,15,BUY
380,299,100.26,24,BUY
383,299,100.26,23,BUY
383,212,100.27,11,BUY
385,212,100.27,79,BUY
386,212,100.27,9,BUY
386,233,100.27,10,BUY
391,233,100.27,8,BUY
391,256,100.27,11,BUY
391,277,100.27,77,BUY
391,323,100.27,2,BUY
393,323,100.27,70,BUY
394,323,100.27,11,BUY
394,297,100.28,28,BUY
397,297,100.28,67,BUY
397,235,100.29,5,BUY
397,278,100.3,1,BUY
398,278,100.3,38,BUY
343,400,100.22,17,SELL
402,278,100.3,52,BUY
343,404,100.22,15,SELL
284,404,100.21,13,SELL
331,404,100.21,62,SELL
410,406,100.29,1,BUY
411,406,100.29,2,BUY
412,406,100.29,17,BUY
413,406,100.29,18,BUY
414,406,100.29,6,BUY
414,278,100.3,2,BUY
414,409,100.3,1,BUY
415,409,100.3,80,BUY
416,263,100.31,18,BUY
421,263,100.31,34,BUY
421,283,100.31,13,BUY
423,283,100.31,28,BUY
428,283,100.31,15,BUY
433,283,100.31,31,BUY
433,318,100.31,9,BUY
433,436,100.31,8,SELL
415,436,100.3,1,SELL
405,436,100.28,64,SELL
439,436,100.28,2,BUY
440,441,100.27,48,SELL
419,441,100.25,25,SELL
426,441,100.25,21,SELL
442,436,100.28,20,BUY
444,214,100.32,19,BUY
449,214,100.32,11,BUY
449,223,100.32,58,BUY
449,258,100.32,20,BUY
449,259,100.32,6,BUY
449,286,100.32,4,BUY
442,450,100.31,39,SELL
452,286,100.32,41,BUY
452,372,100.32,11,BUY
453,372,100.32,16,BUY
455,372,100.32,57,BUY
442,465,100.31,11,SELL
446,465,100.31,30,SELL
446,467,100.31,26,SELL
454,467,100.3,44,SELL
479,372,100.32,3,BUY
479,392,100.32,4,BUY
485,392,100.32,69,BUY
485,229,100.33,2,BUY
486,488,100.32,40,SELL
486,492,100.32,31,SELL
454,492,100.3,19,SELL
454,495,100.3,12,SELL
458,495,100.3,5,SELL
477,495,100.29,8,SELL
477,498,100.29,74,SELL
443,498,100.28,6,SELL
443,501,100.28,36,SELL
443,502,100.28,53,SELL
462,502,100.28,8,SELL
447,502,100.26,28,SELL
447,510,100.26,13,SELL
483,510,100.26,18,SELL
483,514,100.26,26,SELL
426,514,100.25,21,SELL
430,514,100.25,14,SELL
430,524,100.25,38,SELL
430,525,100.25,15,SELL
472,525,100.25,73,SELL
529,519,100.27,25,BUY
529,521,100.27,48,BUY
537,521,100.27,6,BUY
537,513,100.29,57,BUY
534,538,100.26,30,SELL
534,539,100.26,2,SELL
472,539,100.25,9,SELL
480,539,100.25,5,SELL
480,544,100.25,15,SELL
480,545,100.25,25,SELL
491,545,100.25,11,SELL
499,545,100.25,10,SELL
549,543,100.27,7,BUY
499,550,100.25,55,SELL
499,551,100.25,10,SELL
438,551,100.24,6,SELL
451,551,100.24,7,SELL
518,551,100.24,34,SELL
518,552,100.24,48,SELL
533,552,100.23,2,SELL
448,552,100.22,2,SELL
448,553,100.22,12,SELL
331,553,100.21,3,SELL
331,554,100.21,4,SELL
315,554,100.2,17,SELL
507,554,100.2,55,SELL
507,560,100.2,45,SELL
490,560,100.19,34,SELL
509,560,100.19,4,SELL
509,564,100.19,32,SELL
561,564,100.19,42,SELL
237,573,100.18,16,SELL
487,573,100.18,61,SELL
575,564,100.19,4,BUY
575,574,100.2,14,BUY
487,580,100.18,1,SELL
531,580,100.18,48,SELL
531,582,100.18,14,SELL
587,574,100.2,16,BUY
531,591,100.18,12,SELL
570,591,100.18,57,SELL
570,593,100.18,25,SELL
588,593,100.18,20,SELL
588,610,100.18,23,SELL
589,610,100.18,37,SELL
589,611,100.18,46,SELL
614,594,100.19,41,BUY
589,615,100.18,17,SELL
250,619,100.17,31,SELL
262,619,100.17,40,SELL
620,615,100.18,1,BUY
620,594,100.19,47,BUY
620,596,100.19,38,BUY
620,574,100.2,6,BUY
620,581,100.2,8,BUY
262,621,100.17,18,SELL
262,631,100.17,2,SELL
271,631,100.17,19,SELL
271,637,100.17,17,SELL
272,637,100.17,47,SELL
281,637,100.17,16,SELL
281,642,100.17,6,SELL
648,625,100.18,27,BUY
281,658,100.17,45,SELL
281,659,100.17,28,SELL
301,659,100.17,2,SELL
515,659,100.17,44,SELL
515,661,100.17,48,SELL
547,661,100.17,15,SELL
191,661,100.16,1,SELL
239,661,100.16,10,SELL
239,662,100.16,30,SELL
285,662,100.16,69,SELL
663,625,100.18,23,BUY
663,636,100.19,22,BUY
663,645,100.19,14,BUY
285,667,100.16,24,SELL
308,667,100.16,2,SELL
308,669,100.16,61,SELL
517,669,100.16,18,SELL
517,671,100.16,54,SELL
252,671,100.15,44,SELL
252,672,100.15,30,SELL
265,672,100.15,32,SELL
265,673,100.15,22,SELL
526,673,100.15,43,SELL
548,673,100.15,25,SELL
548,678,100.15,8,SELL
557,678,100.15,12,SELL
557,680,100.15,13,SELL
557,683,100.15,46,SELL
557,684,100.15,20,SELL
633,684,100.15,3,SELL
641,684,100.15,56,SELL
641,685,100.15,14,SELL
516,685,100.14,39,SELL
532,685,100.14,29,SELL
532,693,100.14,4,SELL
532,695,100.14,19,SELL
542,695,100.14,4,SELL
542,700,100.14,23,SELL
650,700,100.14,16,SELL
253,700,100.13,32,SELL
253,703,100.13,13,SELL
528,703,100.13,11,SELL
528,705,100.13,28,SELL
590,705,100.13,9,SELL
590,708,100.13,10,SELL
590,709,100.13,16,SELL
710,697,100.15,5,BUY
590,716,100.13,8,SELL
590,717,100.13,25,SELL
595,717,100.13,4,SELL
612,717,100.13,12,SELL
612,718,100.13,3,SELL
612,719,100.13,26,SELL
622,719,100.13,46,SELL
622,720,100.13,33,SELL
155,720,100.12,19,SELL
193,720,100.12,42,SELL
193,721,100.12,32,SELL
209,721,100.12,17,SELL
500,721,100.12,19,SELL
500,732,100.12,26,SELL
520,732,100.12,46,SELL
520,733,100.12,6,SELL
569,733,100.12,28,SELL
182,733,100.11,56,SELL
182,736,100.11,16,SELL
188,736,100.11,28,SELL
213,736,100.11,22,SELL
535,736,100.11,7,SELL
535,737,100.11,33,SELL
568,737,100.11,18,SELL
175,738,100.1,1,SELL
175,742,100.1,12,SELL
186,742,100.1,11,SELL
186,744,100.1,54,SELL
186,745,100.1,35,SELL
243,745,100.1,5,SELL
540,745,100.1,42,SELL
540,747,100.1,38,SELL
555,747,100.1,59,SELL
555,751,100.1,12,SELL
555,755,100.1,2,SELL
555,757,100.1,6,SELL
600,757,100.1,10,SELL
634,757,100.1,22,SELL
635,757,100.1,56,SELL
635,759,100.1,37,SELL
173,759,100.09,10,SELL
205,759,100.09,13,SELL
205,760,100.09,38,SELL
205,761,100.09,17,SELL
597,761,100.09,46,SELL
597,762,100.09,6,SELL
597,764,100.09,8,SELL
597,765,100.09,9,SELL
87,765,100.08,21,SELL
95,765,100.08,6,SELL
95,766,100.08,38,SELL
102,766,100.08,29,SELL
102,769,100.08,64,SELL
106,769,100.08,20,SELL
106,770,100.08,24,SELL
106,772,100.08,18,SELL
129,772,100.08,2,SELL
129,773,100.08,48,SELL
154,773,100.08,30,SELL
154,778,100.08,8,SELL
170,778,100.08,15,SELL
183,778,100.08,55,SELL
183,780,100.08,44,SELL
189,780,100.08,23,SELL
189,781,100.08,25,SELL
189,782,100.08,20,SELL
559,782,100.08,35,SELL
559,783,100.08,10,SELL
592,783,100.08,48,SELL
592,786,100.08,12,SELL
592,789,100.08,8,SELL
652,789,100.08,12,SELL
127,789,100.07,15,SELL
133,789,100.07,5,SELL
133,790,100.07,80,SELL
133,793,100.07,5,SELL
146,793,100.07,14,SELL
146,795,100.07,23,SELL
146,798,100.07,18,SELL
146,799,100.07,34,SELL
158,799,100.07,42,SELL
174,799,100.07,3,SELL
174,802,100.07,68,SELL
607,802,100.07,11,SELL
803,779,100.09,4,BUY
607,805,100.07,58,SELL
690,805,100.07,13,SELL
706,805,100.07,18,SELL
706,807,100.07,25,SELL
706,815,100.07,21,SELL
128,815,100.06,41,SELL
128,816,100.06,25,SELL
629,816,100.06,62,SELL
629,819,100.06,1,SELL
71,819,100.05,54,SELL
99,819,100.05,19,SELL
821,809,100.08,60,BUY
821,810,100.08,12,BUY
99,823,100.05,17,SELL
824,827,100.07,51,SELL
830,827,100.06,8,BUY
830,834,100.07,10,SELL
830,835,100.07,57,SELL
830,844,100.07,3,SELL
843,844,100.06,14,SELL
849,850,100.07,68,SELL
849,851,100.07,23,SELL
843,851,100.06,11,SELL
99,851,100.05,35,SELL
123,851,100.05,12,SELL
123,856,100.05,3,SELL
605,856,100.05,8,SELL
605,858,100.05,30,SELL
686,858,100.05,18,SELL
869,861,100.07,7,BUY
869,870,100.07,5,SELL
686,870,100.05,3,SELL
714,870,100.05,51,SELL
77,871,100.04,15,SELL
77,873,100.04,36,SELL
77,875,100.04,40,SELL
117,875,100.04,59,SELL
117,876,100.04,5,SELL
152,880,100.04,47,SELL
624,880,100.04,23,SELL
882,870,100.05,32,BUY
882,872,100.06,37,BUY
883,872,100.06,62,BUY
883,881,100.06,23,BUY
624,888,100.04,7,SELL
644,888,100.04,23,SELL
644,891,100.04,54,SELL
660,891,100.04,1,SELL
660,892,100.04,42,SELL
660,895,100.04,1,SELL
698,895,100.04,45,SELL
76,895,100.03,35,SELL
120,898,100.03,36,SELL
616,898,100.03,14,SELL
617,898,100.03,26,SELL
653,898,100.03,3,SELL
653,899,100.03,8,SELL
713,899,100.03,15,SELL
60,899,100.02,22,SELL
60,900,100.02,28,SELL
75,900,100.02,70,SELL
75,901,100.02,25,SELL
75,902,100.02,4,SELL
78,902,100.02,17,SELL
78,905,100.02,30,SELL
78,907,100.02,3,SELL
139,907,100.02,49,SELL
613,907,100.02,7,SELL
613,908,100.02,26,SELL
613,915,100.02,31,SELL
613,919,100.02,9,SELL
623,919,100.02,72,SELL
623,930,100.02,13,SELL
639,930,100.02,54,SELL
639,931,100.02,17,SELL
639,932,100.02,3,SELL
639,936,100.02,14,SELL
646,936,100.02,7,SELL
646,937,100.02,40,SELL
647,937,100.02,49,SELL
647,940,100.02,16,SELL
944,906,100.03,29,BUY
944,921,100.03,42,BUY
647,945,100.02,8,SELL
651,945,100.02,34,SELL
951,921,100.03,48,BUY
951,942,100.03,6,BUY
953,942,100.03,35,BUY
956,942,100.03,20,BUY
956,946,100.03,19,BUY
957,946,100.03,7,BUY
957,922,100.04,76,BUY
958,922,100.04,19,BUY
958,954,100.05,24,BUY
958,881,100.06,29,BUY
958,897,100.06,24,BUY
962,897,100.06,38,BUY
973,970,100.03,6,BUY
651,977,100.02,10,SELL
656,977,100.02,21,SELL
725,977,100.02,67,SELL
818,978,100.02,1,SELL
982,970,100.03,42,BUY
984,970,100.03,9,BUY
985,970,100.03,32,BUY
985,975,100.04,4,BUY
985,989,100.04,15,SELL
818,989,100.02,42,SELL
837,989,100.02,9,SELL
991,897,100.06,27,BUY
991,910,100.06,22,BUY
991,913,100.06,1,BUY
991,938,100.06,34,BUY
991,981,100.06,3,BUY
992,981,100.06,64,BUY
992,887,100.07,35,BUY
837,1028,100.02,5,SELL
1048,1037,100.04,28,BUY
1049,1037,100.04,7,BUY
1034,1051,100.03,17,SELL
1053,1037,100.04,17,BUY
1059,1037,100.04,15,BUY
1059,1005,100.05,4,BUY
1063,1005,100.05,48,BUY
1064,1005,100.05,37,BUY
1064,1007,100.05,54,BUY
1034,1065,100.03,1,SELL
1034,1074,100.03,3,SELL
1075,1074,100.03,32,BUY
837,1084,100.02,39,SELL
1086,1074,100.03,21,BUY
1092,1007,100.05,15,BUY
1092,1017,100.05,20,BUY
1092,1087,100.05,19,BUY
1094,1087,100.05,76,BUY
1099,1087,100.05,4,BUY
1099,1018,100.06,26,BUY
1099,887,100.07,35,BUY
1101,887,100.07,14,BUY
1101,1010,100.07,21,BUY
1105,1010,100.07,24,BUY
1105,1025,100.07,23,BUY
1105,1031,100.07,36,BUY
1107,1031,100.07,35,BUY
1121,1112,100.06,73,BUY
1122,1112,100.06,19,BUY
1124,1031,100.07,8,BUY
1125,1031,100.07,18,BUY
1125,1047,100.07,34,BUY
1127,1047,100.07,27,BUY
1127,1058,100.07,57,BUY
1127,810,100.08,8,BUY
1133,810,100.08,52,BUY
1133,840,100.08,2,BUY
1141,840,100.08,36,BUY
1141,847,100.08,8,BUY
1143,847,100.08,16,BUY
1143,860,100.08,8,BUY
1145,860,100.08,53,BUY
1148,860,100.08,30,BUY
1136,1149,100.07,32,SELL
1136,1151,100.07,63,SELL
1122,1151,100.06,6,SELL
1161,860,100.08,8,BUY
1161,865,100.08,8,BUY
1162,865,100.08,27,BUY
1162,925,100.08,61,BUY
1166,925,100.08,17,BUY
1170,925,100.08,12,BUY
1170,928,100.08,48,BUY
1170,934,100.08,17,BUY
1170,943,100.08,16,BUY
1171,943,100.08,74,BUY
1178,943,100.08,4,BUY
1178,987,100.08,3,BUY
1180,987,100.08,44,BUY
1181,987,100.08,8,BUY
1181,993,100.08,70,BUY
1181,1081,100.08,14,BUY
1183,1081,100.08,8,BUY
1185,1081,100.08,2,BUY
1186,1081,100.08,7,BUY
1154,1187,100.07,9,SELL
1122,1187,100.06,17,SELL
1189,1081,100.08,21,BUY
1190,1081,100.08,4,BUY
1190,779,100.09,64,BUY
1190,784,100.09,14,BUY
1191,784,100.09,4,BUY
1191,804,100.09,53,BUY
1191,822,100.09,38,BUY
1193,822,100.09,6,BUY
1194,822,100.09,30,BUY
1194,867,100.09,14,BUY
1195,867,100.09,3,BUY
1196,867,100.09,54,BUY
1196,879,100.09,5,BUY
1197,879,100.09,56,BUY
1198,879,100.09,30,BUY
1198,1027,100.09,19,BUY
1200,1027,100.09,17,BUY
1201,1039,100.09,11,BUY
1201,1069,100.09,16,BUY
1201,1117,100.09,37,BUY
1201,788,100.1,21,BUY
1203,788,100.1,61,BUY
1205,788,100.1,3,BUY
1205,800,100.1,71,BUY
1207,800,100.1,22,BUY
1207,829,100.1,33,BUY
1209,829,100.1,26,BUY
1209,852,100.1,39,BUY
1210,852,100.1,10,BUY
1211,852,100.1,20,BUY
1211,1000,100.1,5,BUY
1122,1212,100.06,45,SELL
1123,1212,100.06,25,SELL
1157,1212,100.06,25,SELL
1221,1000,100.1,8,BUY
1221,1073,100.1,65,BUY
1222,1073,100.1,9,BUY
1223,1073,100.1,9,BUY
1223,737,100.11,3,BUY
1225,737,100.11,4,BUY
1225,796,100.11,23,BUY
1225,831,100.11,58,BUY
1231,831,100.11,14,BUY
1231,842,100.11,23,BUY
1233,842,100.11,69,BUY
1233,955,100.11,21,BUY
1238,955,100.11,18,BUY
1238,959,100.11,24,BUY
1240,959,100.11,23,BUY
1242,959,100.11,42,BUY
1242,988,100.11,27,BUY
1244,988,100.11,19,BUY
1244,997,100.11,61,BUY
1244,1035,100.11,19,BUY
1245,1035,100.11,4,BUY
1249,1035,100.11,36,BUY
1249,1077,100.11,46,BUY
1249,1080,100.11,2,BUY
1224,1251,100.1,4,SELL
1241,1251,100.1,87,SELL
1216,1251,100.09,1,SELL
1216,1252,100.09,77,SELL
1257,1253,100.1,31,BUY
1216,1258,100.09,19,SELL
1226,1258,100.09,51,SELL
1227,1258,100.09,13,SELL
1227,1259,100.09,14,SELL
1214,1259,100.08,23,SELL
1260,1253,100.1,12,BUY
1260,1255,100.1,30,BUY
1265,1080,100.11,39,BUY
1266,1080,100.11,3,BUY
1266,1097,100.11,21,BUY
1266,1120,100.11,16,BUY
1266,1130,100.11,22,BUY
1260,1268,100.1,44,SELL
1214,1268,100.08,11,SELL
1214,1269,100.08,23,SELL
1271,1130,100.11,26,BUY
1271,1139,100.11,24,BUY
1273,735,100.12,5,BUY
1271,1278,100.11,2,SELL
1271,1284,100.11,13,SELL
1281,1284,100.09,11,SELL
1281,1293,100.09,3,SELL
1298,1290,100.11,63,BUY
1298,735,100.12,11,BUY
1301,735,100.12,26,BUY
1301,1011,100.12,16,BUY
1214,1306,100.08,40,SELL
1277,1306,100.08,9,SELL
1277,1307,100.08,24,SELL
1292,1307,100.08,31,SELL
1292,1308,100.08,12,SELL
1302,1308,100.08,66,SELL
1302,1310,100.08,20,SELL
1236,1310,100.07,27,SELL
1287,1310,100.07,43,SELL
1287,1311,100.07,19,SELL
1157,1311,100.06,18,SELL
1235,1311,100.06,16,SELL
1274,1311,100.06,21,SELL
1274,1316,100.06,51,SELL
1320,1313,100.08,55,BUY
1274,1324,100.06,12,SELL
1274,1330,100.06,15,SELL
1312,1330,100.06,43,SELL
1135,1330,100.05,11,SELL
1135,1331,100.05,9,SELL
1152,1331,100.05,38,SELL
1288,1331,100.05,42,SELL
1333,1321,100.07,16,BUY
1333,1313,100.08,31,BUY
1332,1334,100.06,12,SELL
1288,1334,100.05,20,SELL
1339,1313,100.08,14,BUY
1339,1309,100.1,38,BUY
1339,1326,100.11,3,BUY
1339,1011,100.12,25,BUY
1339,1012,100.12,7,BUY
1342,1343,100.08,10,SELL
1340,1343,100.07,2,SELL
1345,1012,100.12,14,BUY
1347,1352,100.1,7,SELL
1340,1352,100.07,80,SELL
1344,1352,100.07,2,SELL
1335,1352,100.06,3,SELL
1360,1356,100.11,49,BUY
1362,1356,100.11,30,BUY
1362,1012,100.12,3,BUY
1362,1021,100.12,40,BUY
1364,1371,100.1,16,SELL
1364,1372,100.1,65,SELL
1364,1373,100.1,12,SELL
1370,1373,100.07,5,SELL
1381,1021,100.12,7,BUY
1381,1118,100.12,48,BUY
1383,1118,100.12,28,BUY
1383,1317,100.12,59,BUY
1383,1363,100.12,9,BUY
1380,1384,100.11,33,SELL
1385,1363,100.12,51,BUY
1385,848,100.13,35,BUY
1385,980,100.13,13,BUY
1380,1387,100.11,17,SELL
1380,1392,100.11,18,SELL
1370,1392,100.07,16,SELL
1393,980,100.13,15,BUY
1393,1006,100.13,39,BUY
1393,1009,100.13,13,BUY
1393,1030,100.13,22,BUY
1335,1402,100.06,64,SELL
1351,1402,100.06,5,SELL
1351,1407,100.06,10,SELL
1351,1408,100.06,18,SELL
1351,1410,100.06,14,SELL
1416,1401,100.07,37,BUY
1351,1417,100.06,13,SELL
1390,1417,100.06,65,SELL
1390,1420,100.06,20,SELL
1422,1401,100.07,12,BUY
1390,1428,100.06,8,SELL
1390,1429,100.06,5,SELL
1288,1429,100.05,14,SELL
1443,1401,100.07,32,BUY
1443,1439,100.08,41,BUY
1435,1445,100.06,41,SELL
1435,1446,100.06,13,SELL
1435,1448,100.06,20,SELL
1435,1452,100.06,9,SELL
1288,1452,100.05,10,SELL
1305,1452,100.05,1,SELL
1305,1453,100.05,11,SELL
1328,1453,100.05,42,SELL
1382,1453,100.05,18,SELL
1458,1459,100.06,65,SELL
1382,1459,100.05,30,SELL
1460,1462,100.06,21,SELL
1382,1462,100.05,44,SELL
1440,1462,100.05,29,SELL
1440,1463,100.05,9,SELL
1466,1439,100.08,28,BUY
1440,1469,100.05,10,SELL
1086,1469,100.04,34,SELL
1471,1474,100.07,17,SELL
1471,1481,100.07,9,SELL
1479,1481,100.06,5,SELL
1479,1485,100.06,43,SELL
1086,1485,100.04,5,SELL
1489,1488,100.07,74,BUY
1489,1439,100.08,9,BUY
1086,1490,100.04,24,SELL
1267,1490,100.04,26,SELL
1267,1495,100.04,29,SELL
1267,1501,100.04,10,SELL
1282,1501,100.04,6,SELL
1503,1494,100.05,96,BUY
1503,1502,100.06,2,BUY
1282,1504,100.04,29,SELL
1282,1520,100.04,44,SELL
1282,1524,100.04,11,SELL
1303,1524,100.04,14,SELL
1303,1527,100.04,15,SELL
1314,1527,100.04,3,SELL
1323,1527,100.04,1,SELL
1528,1502,100.06,58,BUY
1530,1537,100.05,28,SELL
1530,1540,100.05,4,SELL
1533,1540,100.05,14,SELL
1323,1540,100.04,65,SELL
1541,1544,100.05,24,SELL
1541,1558,100.05,7,SELL
1323,1558,100.04,18,SELL
1346,1558,100.04,13,SELL
1369,1558,100.04,15,SELL
1405,1558,100.04,20,SELL
1559,1502,100.06,7,BUY
1559,1553,100.06,53,BUY
1559,1516,100.07,26,BUY
1559,1518,100.07,2,BUY
1561,1562,100.05,18,SELL
1574,1560,100.06,39,BUY
1574,1564,100.06,34,BUY
1561,1577,100.05,58,SELL
1405,1577,100.04,22,SELL
1579,1564,100.06,4,BUY
1579,1518,100.07,53,BUY
1584,1583,100.05,2,BUY
1405,1585,100.04,22,SELL
1409,1585,100.04,17,SELL
1592,1585,100.04,7,BUY
1592,1583,100.05,54,BUY
1089,1593,100.03,7,SELL
1100,1593,100.03,29,SELL
1270,1593,100.03,10,SELL
1318,1593,100.03,28,SELL
1348,1593,100.03,20,SELL
1348,1595,100.03,51,SELL
1379,1595,100.03,25,SELL
1413,1595,100.03,2,SELL
1413,1604,100.03,37,SELL
1610,1607,100.04,29,BUY
1614,1607,100.04,25,BUY
1615,1607,100.04,17,BUY
1616,1583,100.05,4,BUY
1616,1591,100.05,6,BUY
1616,1598,100.05,27,BUY
1616,1597,100.06,56,BUY
1617,1602,100.06,41,BUY
1624,1602,100.06,26,BUY
1624,1611,100.06,8,BUY
1624,1518,100.07,1,BUY
1615,1625,100.04,36,SELL
1622,1625,100.04,14,SELL
1628,1634,100.05,47,SELL
1637,1518,100.07,18,BUY
1637,1543,100.07,22,BUY
1637,1545,100.07,22,BUY
1637,1573,100.07,8,BUY
1637,1608,100.07,2,BUY
1643,1608,100.07,15,BUY
1628,1646,100.05,21,SELL
1628,1650,100.05,29,SELL
1622,1650,100.04,26,SELL
1413,1650,100.03,18,SELL
1413,1658,100.03,13,SELL
1432,1658,100.03,4,SELL
1447,1658,100.03,4,SELL
1550,1658,100.03,13,SELL
1609,1658,100.03,47,SELL
1659,1651,100.06,68,BUY
1659,1608,100.07,30,BUY
1609,1669,100.03,24,SELL
1626,1669,100.03,69,SELL
1667,1669,100.03,1,SELL
1667,1675,100.03,38,SELL
1673,1675,100.03,26,SELL
1673,1679,100.03,22,SELL
837,1679,100.02,22,SELL
894,1679,100.02,22,SELL
966,1679,100.02,15,SELL
966,1682,100.02,13,SELL
1036,1682,100.02,1,SELL
1115,1682,100.02,49,SELL
1115,1688,100.02,31,SELL
1261,1688,100.02,7,SELL
1261,1689,100.02,34,SELL
1261,1692,100.02,1,SELL
1354,1692,100.02,64,SELL
1367,1692,100.02,14,SELL
1367,1693,100.02,12,SELL
1367,1695,100.02,29,SELL
1424,1695,100.02,22,SELL
1424,1701,100.02,28,SELL
1425,1701,100.02,12,SELL
1707,1662,100.05,22,BUY
1708,1712,100.03,14,SELL
1708,1713,100.03,16,SELL
1708,1723,100.03,10,SELL
1708,1726,100.03,21,SELL
1727,1726,100.03,1,BUY
1727,1715,100.04,16,BUY
1727,1662,100.05,54,BUY
1727,1716,100.05,8,BUY
1735,1716,100.05,47,BUY
1425,1738,100.02,36,SELL
1425,1740,100.02,2,SELL
1438,1740,100.02,3,SELL
1438,1741,100.02,16,SELL
1438,1743,100.02,33,SELL
1546,1743,100.02,43,SELL
1546,1745,100.02,6,SELL
1546,1750,100.02,17,SELL
1546,1751,100.02,20,SELL
1571,1751,100.02,15,SELL
1571,1753,100.02,5,SELL
1571,1755,100.02,12,SELL
1571,1758,100.02,48,SELL
1603,1758,100.02,13,SELL
1603,1761,100.02,16,SELL
1671,1761,100.02,17,SELL
1671,1768,100.02,17,SELL
1698,1768,100.02,4,SELL
1719,1768,100.02,9,SELL
53,1768,100.01,15,SELL
53,1772,100.01,23,SELL
53,1776,100.01,15,SELL
638,1776,100.01,9,SELL
640,1776,100.01,5,SELL
649,1776,100.01,16,SELL
649,1777,100.01,17,SELL
677,1777,100.01,13,SELL
731,1777,100.01,44,SELL
731,1780,100.01,23,SELL
731,1781,100.01,26,SELL
792,1781,100.01,32,SELL
806,1781,100.01,15,SELL
845,1781,100.01,11,SELL
855,1781,100.01,7,SELL
1790,1769,100.02,60,BUY
1790,1773,100.02,10,BUY
1790,1782,100.02,7,BUY
1790,1752,100.03,5,BUY
855,1793,100.01,67,SELL
963,1793,100.01,22,SELL
963,1794,100.01,36,SELL
963,1803,100.01,19,SELL
1044,1803,100.01,37,SELL
1045,1803,100.01,16,SELL
1045,1804,100.01,13,SELL
1045,1805,100.01,23,SELL
1045,1806,100.01,42,SELL
1046,1806,100.01,29,SELL
1046,1815,100.01,2,SELL
1294,1815,100.01,57,SELL
1294,1822,100.01,9,SELL
1297,1822,100.01,84,SELL
1297,1824,100.01,1,SELL
1325,1824,100.01,2,SELL
1377,1824,100.01,26,SELL
1442,1824,100.01,25,SELL
1444,1824,100.01,2,SELL
1454,1824,100.01,36,SELL
1461,1824,100.01,1,SELL
1461,1829,100.01,44,SELL
1464,1829,100.01,17,SELL
1464,1830,100.01,19,SELL
1467,1830,100.01,19,SELL
1484,1831,100.01,45,SELL
1491,1831,100.01,30,SELL
1491,1832,100.01,35,SELL
1498,1832,100.01,12,SELL
1621,1832,100.01,15,SELL
1621,1838,100.01,11,SELL
1621,1842,100.01,65,SELL
1645,1842,100.01,4,SELL
1645,1844,100.01,49,SELL
1706,1844,100.01,43,SELL
39,1844,100.0,1,SELL
39,1845,100.0,1,SELL
1849,1795,100.02,1,BUY
1849,1807,100.02,20,BUY
39,1850,100.0,24,SELL
39,1852,100.0,26,SELL
687,1852,100.0,16,SELL
687,1854,100.0,19,SELL
692,1854,100.0,35,SELL
692,1855,100.0,5,SELL
774,1855,100.0,14,SELL
774,1856,100.0,73,SELL
774,1858,100.0,2,SELL
814,1858,100.0,1,SELL
814,1862,100.0,11,SELL
828,1862,100.0,19,SELL
839,1862,100.0,6,SELL
839,1863,100.0,50,SELL
859,1863,100.0,7,SELL
859,1864,100.0,20,SELL
859,1865,100.0,17,SELL
889,1865,100.0,32,SELL
976,1865,100.0,21,SELL
990,1865,100.0,4,SELL
990,1866,100.0,18,SELL
990,1867,100.0,59,SELL
999,1867,100.0,40,SELL
999,1870,100.0,7,SELL
1029,1870,100.0,1,SELL
1029,1871,100.0,69,SELL
1029,1873,100.0,12,SELL
1291,1873,100.0,41,SELL
1315,1873,100.0,26,SELL
1315,1875,100.0,25,SELL
1441,1875,100.0,4,SELL
1449,1875,100.0,71,SELL
1449,1878,100.0,20,SELL
1880,1807,100.02,41,BUY
1449,1884,100.0,8,SELL
1457,1884,100.0,8,SELL
1457,1885,100.0,12,SELL
1457,1888,100.0,3,SELL
1457,1890,100.0,34,SELL
1470,1890,100.0,43,SELL
1470,1894,100.0,4,SELL
1470,1899,100.0,43,SELL
1513,1899,100.0,21,SELL
1513,1903,100.0,48,SELL
1905,1807,100.02,20,BUY
1905,1814,100.02,3,BUY
1905,1752,100.03,41,BUY
1905,1779,100.03,18,BUY
1513,1907,100.0,23,SELL
1525,1907,100.0,34,SELL
1567,1907,100.0,2,SELL
1567,1910,100.0,70,SELL
1567,1911,100.0,1,SELL
1581,1911,100.0,19,SELL
1588,1911,100.0,20,SELL
1912,1779,100.03,47,BUY
1912,1820,100.03,10,BUY
1912,1823,100.03,8,BUY
1588,1913,100.0,16,SELL
1660,1913,100.0,4,SELL
1666,1913,100.0,9,SELL
1666,1916,100.0,33,SELL
1676,1916,100.0,37,SELL
1676,1917,100.0,50,SELL
1676,1920,100.0,9,SELL
1700,1920,100.0,42,SELL
1700,1922,100.0,23,SELL
1800,1922,100.0,4,SELL
1800,1931,100.0,7,SELL
1802,1931,100.0,22,SELL
47,1931,99.99,65,SELL
666,1931,99.99,6,SELL
666,1933,99.99,16,SELL
666,1936,99.99,28,SELL
666,1939,99.99,24,SELL
676,1939,99.99,3,SELL
1944,1938,100.0,15,BUY
1946,1938,100.0,21,BUY
1946,1949,100.0,64,SELL
676,1949,99.99,22,SELL
1950,1915,100.01,21,BUY
1950,1914,100.02,8,BUY
676,1953,99.99,22,SELL
728,1953,99.99,69,SELL
1955,1952,100.0,24,BUY
1955,1914,100.02,60,BUY
1955,1943,100.02,6,BUY
728,1957,99.99,15,SELL
763,1957,99.99,45,SELL
776,1957,99.99,32,SELL
776,1959,99.99,3,SELL
812,1959,99.99,55,SELL
812,1961,99.99,36,SELL
841,1961,99.99,15,SELL
866,1961,99.99,12,SELL
866,1964,99.99,1,SELL
866,1969,99.99,34,SELL
866,1970,99.99,47,SELL
909,1970,99.99,50,SELL
1972,1975,100.0,2,SELL
909,1975,99.99,9,SELL
1001,1975,99.99,31,SELL
1024,1975,99.99,23,SELL
1024,1976,99.99,40,SELL
1024,1977,99.99,12,SELL
1068,1977,99.99,12,SELL
1088,1977,99.99,40,SELL
1088,1978,99.99,23,SELL
1376,1978,99.99,24,SELL
1404,1978,99.99,12,SELL
1404,1979,99.99,8,SELL
1423,1979,99.99,36,SELL
1423,1980,99.99,6,SELL
1423,1981,99.99,12,SELL
1423,1985,99.99,8,SELL
1431,1985,99.99,48,SELL
1433,1985,99.99,20,SELL
1436,1985,99.99,23,SELL
1436,1987,99.99,65,SELL
1475,1987,99.99,30,SELL
1989,1943,100.02,51,BUY
1989,1973,100.02,9,BUY
1989,1823,100.03,8,BUY
1989,1833,100.03,20,BUY
1475,2002,99.99,14,SELL
1475,2006,99.99,10,SELL
1476,2006,99.99,35,SELL
2009,1993,100.02,41,BUY
2007,2010,100.01,22,SELL
2015,1993,100.02,9,BUY
2016,2019,100.02,6,SELL
2007,2019,100.01,21,SELL
2028,1833,100.03,28,BUY
2028,1934,100.03,15,BUY
2029,1934,100.03,40,BUY
2035,1934,100.03,37,BUY
2035,1998,100.03,10,BUY
2035,1788,100.04,10,BUY
2037,1788,100.04,63,BUY
2037,1942,100.04,24,BUY
2055,2040,100.03,57,BUY
2057,2040,100.03,10,BUY
2057,1942,100.04,58,BUY
2057,1995,100.04,27,BUY
2057,2000,100.04,2,BUY
2059,2000,100.04,35,BUY
2059,2054,100.04,49,BUY
2060,2054,100.04,42,BUY
2060,2061,100.04,38,SELL
2034,2061,100.02,3,SELL
2034,2064,100.02,22,SELL
2068,1716,100.05,20,BUY
2034,2070,100.02,30,SELL
2079,1716,100.05,4,BUY
2079,1720,100.05,13,BUY
2079,1732,100.05,33,BUY
2086,1732,100.05,51,BUY
2086,1734,100.05,47,BUY
2087,1734,100.05,1,BUY
2087,1796,100.05,77,BUY
2087,1798,100.05,2,BUY
2087,1808,100.05,18,BUY
2089,1808,100.05,51,BUY
2089,1935,100.05,5,BUY
2089,1680,100.06,15,BUY
2093,1680,100.06,19,BUY
2093,1948,100.06,1,BUY
2096,1948,100.06,15,BUY
2076,2097,100.04,41,SELL
2099,2097,100.04,41,BUY
2100,2097,100.04,8,BUY
2102,2101,100.05,5,BUY
2102,1948,100.06,57,BUY
2102,1983,100.06,4,BUY
2115,1983,100.06,39,BUY
2117,1983,100.06,9,BUY
2117,1608,100.07,22,BUY
2119,1608,100.07,4,BUY
2119,1623,100.07,1,BUY
2120,1623,100.07,85,BUY
2122,1623,100.07,4,BUY
2122,1632,100.07,60,BUY
2122,1640,100.07,25,BUY
2123,1640,100.07,59,BUY
2123,1649,100.07,14,BUY
2128,1649,100.07,33,BUY
2129,1649,100.07,2,BUY
2129,1684,100.07,4,BUY
2116,2132,100.05,16,SELL
2100,2132,100.04,51,SELL
2135,1684,100.07,26,BUY
2135,1691,100.07,3,BUY
2142,1691,100.07,26,BUY
2142,1704,100.07,19,BUY
2145,1704,100.07,11,BUY
2148,1704,100.07,64,BUY
2148,1711,100.07,24,BUY
2149,1711,100.07,17,BUY
2149,2066,100.07,18,BUY
2149,2091,100.07,30,BUY
2150,2091,100.07,12,BUY
2150,2114,100.07,21,BUY
2151,2114,100.07,6,BUY
2140,2176,100.05,50,SELL
2157,2176,100.05,29,SELL
2178,2114,100.07,1,BUY
2178,1439,100.08,11,BUY
2178,1555,100.08,13,BUY
2179,1555,100.08,68,BUY
2179,1556,100.08,31,BUY
2187,1556,100.08,56,BUY
2187,1568,100.08,42,BUY
2190,1568,100.08,26,BUY
2190,1576,100.08,29,BUY
2190,1582,100.08,16,BUY
2193,1582,100.08,22,BUY
2193,1605,100.08,37,BUY
2194,1605,100.08,15,BUY
2194,1652,100.08,25,BUY
2195,1652,100.08,11,BUY
2199,1652,100.08,32,BUY
2201,1652,100.08,3,BUY
2202,1652,100.08,3,BUY
2202,1653,100.08,27,BUY
2203,1653,100.08,22,BUY
2206,1653,100.08,10,BUY
2206,1730,100.08,20,BUY
2207,1730,100.08,21,BUY
2207,1982,100.08,53,BUY
2208,1982,100.08,26,BUY
2209,1982,100.08,4,BUY
2209,2025,100.08,65,BUY
2210,2025,100.08,18,BUY
2210,2031,100.08,6,BUY
2211,2031,100.08,15,BUY
2211,2181,100.08,38,BUY
2211,2182,100.08,12,BUY
2212,2182,100.08,31,BUY
2213,2182,100.08,21,BUY
2213,2192,100.08,71,BUY
2214,2192,100.08,1,BUY
2217,2192,100.08,7,BUY
2217,1418,100.09,10,BUY
2219,1418,100.09,28,BUY
2220,1418,100.09,48,BUY
2220,1492,100.09,36,BUY
2228,1492,100.09,35,BUY
2228,1552,100.09,45,BUY
2232,1552,100.09,22,BUY
2232,1635,100.09,29,BUY
2233,1635,100.09,11,BUY
2233,1644,100.09,62,BUY
2234,1644,100.09,21,BUY
2234,1694,100.09,6,BUY
2235,1694,100.09,21,BUY
2235,1705,100.09,4,BUY
2235,1722,100.09,4,BUY
2218,2237,100.07,34,SELL
2241,1722,100.09,7,BUY
2242,1722,100.09,29,BUY
2243,1722,100.09,53,BUY
2244,1722,100.09,1,BUY
2244,2038,100.09,82,BUY
2244,2170,100.09,2,BUY
2245,2170,100.09,20,BUY
2248,2170,100.09,44,BUY
2253,2170,100.09,1,BUY
2253,1399,100.1,27,BUY
2253,1426,100.1,51,BUY
2254,1426,100.1,14,BUY
2256,1426,100.1,13,BUY
2257,1426,100.1,12,BUY
2257,1468,100.1,68,BUY
2257,1483,100.1,9,BUY
2260,1483,100.1,19,BUY
2260,1486,100.1,1,BUY
2263,1486,100.1,9,BUY
2264,1486,100.1,77,BUY
2264,1506,100.1,14,BUY
2267,1506,100.1,11,BUY
2267,1507,100.1,7,BUY
2268,1507,100.1,7,BUY
2268,1534,100.1,26,BUY
2268,1542,100.1,21,BUY
2273,1542,100.1,30,BUY
2273,1613,100.1,46,BUY
2275,1613,100.1,11,BUY
2275,1657,100.1,19,BUY
2261,2278,100.08,56,SELL
2272,2278,100.08,26,SELL
2281,1657,100.1,22,BUY
2281,2084,100.1,38,BUY
2281,2124,100.1,23,BUY
2283,2124,100.1,14,BUY
2283,2161,100.1,13,BUY
2285,2161,100.1,2,BUY
2285,1510,100.11,21,BUY
2287,1510,100.11,1,BUY
2287,1519,100.11,37,BUY
2287,1569,100.11,8,BUY
2292,1569,100.11,47,BUY
2292,1589,100.11,38,BUY
2293,1589,100.11,5,BUY
2296,1589,100.11,35,BUY
2296,1600,100.11,25,BUY
2296,1677,100.11,11,BUY
2298,1677,100.11,39,BUY
2294,2302,100.1,41,SELL
2305,1677,100.11,37,BUY
2305,1678,100.11,3,BUY
2306,1678,100.11,1,BUY
2312,1678,100.11,37,BUY
2312,1685,100.11,8,BUY
2315,1685,100.11,54,BUY
2315,2112,100.11,21,BUY
2317,2112,100.11,58,BUY
2317,2138,100.11,16,BUY
2320,2138,100.11,22,BUY
2320,2297,100.11,5,BUY
2322,2297,100.11,36,BUY
2322,1400,100.12,11,BUY
2322,1415,100.12,49,BUY
2323,1415,100.12,36,BUY
2325,1415,100.12,3,BUY
2325,1450,100.12,59,BUY
2326,1450,100.12,40,BUY
2326,1499,100.12,3,BUY
2326,1580,100.12,34,BUY
2326,1630,100.12,6,BUY
2294,2327,100.1,43,SELL
2290,2327,100.09,40,SELL
2329,1630,100.12,31,BUY
2332,1630,100.12,34,BUY
2332,2075,100.12,6,BUY
2337,2075,100.12,67,BUY
2337,2077,100.12,17,BUY
2337,2106,100.12,4,BUY
2290,2339,100.09,57,SELL
2272,2339,100.08,1,SELL
2343,2106,100.12,4,BUY
2345,2106,100.12,7,BUY
2345,2144,100.12,1,BUY
2346,2144,100.12,47,BUY
2349,2144,100.12,1,BUY
2349,1030,100.13,28,BUY
2349,1038,100.13,6,BUY
2356,1038,100.13,17,BUY
2361,1038,100.13,5,BUY
2365,1038,100.13,67,BUY
2365,1246,100.13,20,BUY
2366,1246,100.13,11,BUY
2368,1246,100.13,41,BUY
2369,1246,100.13,1,BUY
2373,1246,100.13,13,BUY
2373,1285,100.13,14,BUY
2375,1285,100.13,10,BUY
2375,1300,100.13,41,BUY
2379,1300,100.13,56,BUY
2379,1336,100.13,11,BUY
2380,1336,100.13,20,BUY
2380,1394,100.13,12,BUY
2382,1394,100.13,10,BUY
2382,1456,100.13,28,BUY
2383,1456,100.13,24,BUY
2384,1456,100.13,11,BUY
2384,1509,100.13,27,BUY
2385,1509,100.13,23,BUY
2385,1563,100.13,17,BUY
2389,1563,100.13,3,BUY
2389,1596,100.13,28,BUY
2391,1596,100.13,14,BUY
2387,2395,100.12,67,SELL
2272,2395,100.08,12,SELL
2272,2396,100.08,13,SELL
2398,1596,100.13,14,BUY
2399,1596,100.13,16,BUY
2399,2018,100.13,16,BUY
2400,2018,100.13,16,BUY
2403,2018,100.13,25,BUY
2403,2039,100.13,3,BUY
2403,2065,100.13,16,BUY
2404,2065,100.13,21,BUY
2405,2065,100.13,23,BUY
2405,2109,100.13,21,BUY
2408,2109,100.13,45,BUY
2408,2143,100.13,51,BUY
2411,2143,100.13,4,BUY
2411,2152,100.13,26,BUY
2411,2163,100.13,12,BUY
2412,2163,100.13,27,BUY
2412,2188,100.13,39,BUY
2413,2188,100.13,57,BUY
2413,983,100.14,29,BUY
2413,1023,100.14,12,BUY
2414,1023,100.14,21,BUY
2414,1104,100.14,17,BUY
2420,1104,100.14,52,BUY
2424,1104,100.14,25,BUY
2424,1263,100.14,12,BUY
2424,1322,100.14,32,BUY
2424,1419,100.14,4,BUY
2425,1419,100.14,38,BUY
2427,1419,100.14,4,BUY
2433,1419,100.14,28,BUY
2434,1419,100.14,11,BUY
2434,1421,100.14,9,BUY
2434,1434,100.14,53,BUY
2434,1497,100.14,14,BUY
2434,1619,100.14,12,BUY
2435,1619,100.14,17,BUY
2435,1648,100.14,16,BUY
2436,1648,100.14,66,BUY
2438,1648,100.14,10,BUY
2438,1655,100.14,30,BUY
2438,1661,100.14,37,BUY
2443,1661,100.14,3,BUY
2444,1661,100.14,6,BUY
2444,1668,100.14,12,BUY
2445,1668,100.14,25,BUY
2445,2023,100.14,47,BUY
2447,2023,100.14,9,BUY
2447,2027,100.14,42,BUY
2449,2027,100.14,53,BUY
2449,2056,100.14,39,BUY
2450,2056,100.14,35,BUY
2450,2058,100.14,25,BUY
2423,2451,100.11,32,SELL
2272,2451,100.08,19,SELL
2279,2451,100.08,36,SELL
2458,2058,100.14,57,BUY
2458,2081,100.14,6,BUY
2461,2081,100.14,15,BUY
2462,2081,100.14,74,BUY
2464,2081,100.14,5,BUY
2464,2165,100.14,19,BUY
2464,2166,100.14,28,BUY
2469,2166,100.14,42,BUY
2476,2166,100.14,3,BUY
2476,2236,100.14,59,BUY
2476,2470,100.14,27,BUY
2486,2470,100.14,42,BUY
2486,697,100.15,4,BUY
2493,697,100.15,31,BUY
2493,707,100.15,3,BUY
2495,707,100.15,87,BUY
2498,711,100.15,26,BUY
2500,711,100.15,20,BUY
2501,711,100.15,4,BUY
2501,836,100.15,55,BUY
2502,836,100.15,44,BUY
2502,1061,100.15,28,BUY
2506,1061,100.15,22,BUY
2507,1061,100.15,49,BUY
2507,1076,100.15,14,BUY
2507,1083,100.15,7,BUY
2513,1083,100.15,32,BUY
2513,1128,100.15,40,BUY
2514,1128,100.15,19,BUY
2514,1169,100.15,31,BUY
2515,1169,100.15,25,BUY
2515,1215,100.15,30,BUY
2515,1341,100.15,9,BUY
2521,1341,100.15,45,BUY
2521,1375,100.15,47,BUY
2527,1375,100.15,15,BUY
2527,1639,100.15,17,BUY
2527,1664,100.15,51,BUY
2528,1664,100.15,39,BUY
2528,2085,100.15,34,BUY
2508,2529,100.14,37,SELL
2456,2529,100.13,5,SELL
2532,2085,100.15,21,BUY
2532,2108,100.15,53,BUY
2533,2108,100.15,7,BUY
2533,2133,100.15,86,BUY
2534,2133,100.15,2,BUY
2534,2229,100.15,30,BUY
2535,2229,100.15,68,BUY
2535,2276,100.15,11,BUY
2537,2276,100.15,20,BUY
2538,696,100.16,18,BUY
2543,696,100.16,64,BUY
2543,712,100.16,33,BUY
2544,712,100.16,34,BUY
2544,1066,100.16,17,BUY
2544,1070,100.16,17,BUY
2544,1072,100.16,6,BUY
2545,1072,100.16,18,BUY
2545,1098,100.16,72,BUY
2545,1113,100.16,4,BUY
2546,1113,100.16,22,BUY
2547,1113,100.16,67,BUY
2547,1138,100.16,17,BUY
2548,1138,100.16,56,BUY
2548,1144,100.16,5,BUY
2549,1144,100.16,51,BUY
2550,1144,100.16,23,BUY
2550,1366,100.16,1,BUY
2550,1368,100.16,21,BUY
2550,1395,100.16,27,BUY
2550,1396,100.16,18,BUY
2551,1396,100.16,47,BUY
2551,1665,100.16,11,BUY
2551,2072,100.16,29,BUY
2552,2072,100.16,9,BUY
2552,2074,100.16,7,BUY
2554,2074,100.16,10,BUY
2554,2090,100.16,46,BUY
2556,2090,100.16,3,BUY
2557,2090,100.16,34,BUY
2557,2159,100.16,16,BUY
2557,2167,100.16,24,BUY
2558,2167,100.16,10,BUY
2558,2169,100.16,15,BUY
2559,2169,100.16,28,BUY
2561,2169,100.16,19,BUY
2561,2266,100.16,52,BUY
2563,2266,100.16,2,BUY
2563,2363,100.16,25,BUY
2563,2370,100.16,28,BUY
2564,2370,100.16,22,BUY
2572,2370,100.16,5,BUY
2573,2370,100.16,12,BUY
2573,2417,100.16,48,BUY
2573,2432,100.16,3,BUY
2576,2432,100.16,7,BUY
2578,2432,100.16,25,BUY
2578,2448,100.16,30,BUY
2578,704,100.17,36,BUY
2580,704,100.17,26,BUY
2582,704,100.17,1,BUY
2582,1147,100.17,17,BUY
2583,1147,100.17,18,BUY
2583,1158,100.17,2,BUY
2583,1173,100.17,4,BUY
2583,1237,100.17,57,BUY
2587,1237,100.17,39,BUY
2587,1304,100.17,25,BUY
2588,1304,100.17,26,BUY
2591,1304,100.17,33,BUY
2591,1357,100.17,23,BUY
2593,1357,100.17,2,BUY
2594,1357,100.17,4,BUY
2597,1357,100.17,3,BUY
2597,2146,100.17,31,BUY
2597,2191,100.17,22,BUY
2597,2204,100.17,18,BUY
2537,2599,100.15,40,SELL
2456,2599,100.13,9,SELL
2473,2599,100.11,20,SELL
2473,2600,100.11,66,SELL
2602,2204,100.17,31,BUY
2602,2300,100.17,36,BUY
2604,2300,100.17,1,BUY
2604,2311,100.17,31,BUY
2604,2388,100.17,29,BUY
2608,2388,100.17,61,BUY
2608,2466,100.17,25,BUY
2609,2466,100.17,56,BUY
2609,1106,100.18,19,BUY
2610,1106,100.18,23,BUY
2612,1106,100.18,24,BUY
2614,1106,100.18,33,BUY
2614,1111,100.18,2,BUY
2615,1111,100.18,14,BUY
2616,1111,100.18,82,BUY
2616,1119,100.18,16,BUY
2619,1119,100.18,57,BUY
2624,1119,100.18,21,BUY
2624,1132,100.18,1,BUY
2625,1132,100.18,27,BUY
2625,1275,100.18,52,BUY
2627,1275,100.18,3,BUY
2627,1286,100.18,14,BUY
2627,1299,100.18,22,BUY
2627,1350,100.18,60,BUY
2630,1350,100.18,29,BUY
2473,2634,100.11,7,SELL
2638,1350,100.18,2,BUY
2638,2078,100.18,11,BUY
2640,2078,100.18,20,BUY
2640,2131,100.18,11,BUY
2640,2134,100.18,44,BUY
2641,2134,100.18,23,BUY
2641,2137,100.18,39,BUY
2641,2162,100.18,8,BUY
2641,2226,100.18,19,BUY
2641,2439,100.18,6,BUY
2642,2439,100.18,34,BUY
2643,2439,100.18,25,BUY
2643,2465,100.18,44,BUY
2644,2465,100.18,3,BUY
2644,2475,100.18,22,BUY
2647,2475,100.18,15,BUY
2647,645,100.19,28,BUY
2648,645,100.19,21,BUY
2649,645,100.19,4,BUY
2649,1093,100.19,3,BUY
2649,1228,100.19,48,BUY
2655,1228,100.19,30,BUY
2655,1239,100.19,4,BUY
2656,1239,100.19,7,BUY
2661,1239,100.19,5,BUY
2662,1239,100.19,2,BUY
2662,1250,100.19,24,BUY
2665,1250,100.19,24,BUY
2665,1355,100.19,59,BUY
2667,1355,100.19,5,BUY
2667,1389,100.19,79,BUY
2650,2669,100.17,9,SELL
2653,2669,100.17,17,SELL
2659,2669,100.17,4,SELL
2670,1389,100.19,19,BUY
2670,2107,100.19,47,BUY
2671,2107,100.19,48,BUY
2671,2118,100.19,7,BUY
2674,2118,100.19,2,BUY
2681,2678,100.18,20,BUY
2682,2678,100.18,68,BUY
2682,2683,100.18,5,SELL
2659,2683,100.17,19,SELL
2687,2683,100.17,37,BUY
2694,2683,100.17,11,BUY
2706,2701,100.18,10,BUY
2706,2118,100.19,53,BUY
2706,2155,100.19,23,BUY
2707,2155,100.19,67,BUY
2707,2249,100.19,20,BUY
2710,2249,100.19,45,BUY
2714,2249,100.19,23,BUY
2723,2249,100.19,7,BUY
2723,2309,100.19,23,BUY
2724,2309,100.19,38,BUY
2724,2319,100.19,15,BUY
2715,2729,100.18,1,SELL
2694,2729,100.17,28,SELL
2713,2729,100.17,53,SELL
2637,2729,100.16,12,SELL
2637,2732,100.16,70,SELL
2733,2319,100.19,27,BUY
2733,2378,100.19,32,BUY
2733,2440,100.19,9,BUY
2733,2471,100.19,13,BUY
2734,2471,100.19,8,BUY
2734,581,100.2,11,BUY
2734,583,100.2,38,BUY
2735,583,100.2,47,BUY
2737,583,100.2,4,BUY
2737,585,100.2,82,BUY
2737,586,100.2,8,BUY
2739,586,100.2,19,BUY
2740,586,100.2,11,BUY
2740,599,100.2,11,BUY
2637,2742,100.16,15,SELL
2691,2742,100.16,24,SELL
2672,2742,100.15,34,SELL
2705,2742,100.15,13,SELL
2747,599,100.2,46,BUY
2750,599,100.2,5,BUY
2752,599,100.2,34,BUY
2752,608,100.2,28,BUY
2752,1091,100.2,17,BUY
2758,1091,100.2,13,BUY
2758,1110,100.2,9,BUY
2758,1129,100.2,15,BUY
2758,1206,100.2,38,BUY
2758,1230,100.2,10,BUY
2761,1230,100.2,41,BUY
2762,1230,100.2,17,BUY
2762,1248,100.2,7,BUY
2705,2766,100.15,53,SELL
2769,1248,100.2,44,BUY
2769,1361,100.2,28,BUY
2771,1361,100.2,54,BUY
2772,1361,100.2,17,BUY
2772,2136,100.2,7,BUY
2685,2773,100.14,81,SELL
2700,2773,100.13,8,SELL
2774,2136,100.2,7,BUY
2774,2185,100.2,22,BUY
2775,2185,100.2,44,BUY
2775,2291,100.2,49,BUY
2776,2291,100.2,31,BUY
2776,2453,100.2,25,BUY
2776,2484,100.2,17,BUY
2779,2484,100.2,70,BUY
2779,2497,100.2,27,BUY
2782,2684,100.2,7,BUY
2789,2684,100.2,16,BUY
2789,2693,100.2,32,BUY
2790,2693,100.2,51,BUY
2781,2793,100.19,23,SELL
2796,2793,100.15,16,BUY
2799,2793,100.15,37,BUY
2808,2793,100.15,12,BUY
2808,2806,100.16,53,BUY
2809,2801,100.19,47,BUY
2810,2801,100.19,26,BUY
2810,2802,100.19,17,BUY
2810,2803,100.19,33,BUY
2816,2693,100.2,3,BUY
2816,584,100.21,66,BUY
2818,584,100.21,5,BUY
2818,618,100.21,69,BUY
2810,2821,100.19,13,SELL
2811,2821,100.18,21,SELL
2811,2824,100.18,3,SELL
2829,618,100.21,12,BUY
2829,628,100.21,33,BUY
2829,1134,100.21,44,BUY
2811,2832,100.18,24,SELL
2836,2830,100.2,30,BUY
2838,2830,100.2,30,BUY
2838,1134,100.21,49,BUY
2838,1156,100.21,1,BUY
2841,2839,100.18,4,BUY
2841,1156,100.21,81,BUY
2845,1156,100.21,15,BUY
2845,1229,100.21,26,BUY
2845,1279,100.21,11,BUY
2845,1338,100.21,14,BUY
2848,1338,100.21,19,BUY
2848,1349,100.21,67,BUY
2853,1349,100.21,25,BUY
2853,2126,100.21,24,BUY
2870,2126,100.21,28,BUY
2870,2141,100.21,34,BUY
2865,2881,100.2,5,SELL
2865,2893,100.2,7,SELL
2865,2899,100.2,2,SELL
2904,2141,100.21,42,BUY
2904,2156,100.21,4,BUY
2904,2175,100.21,28,BUY
2865,2911,100.2,48,SELL
2875,2911,100.2,15,SELL
2875,2913,100.2,21,SELL
2875,2915,100.2,2,SELL
2917,2175,100.21,16,BUY
2875,2919,100.2,23,SELL
2875,2923,100.2,15,SELL
2874,2923,100.19,2,SELL
2874,2932,100.19,64,SELL
2897,2932,100.19,32,SELL
2937,2928,100.2,20,BUY
2940,2928,100.2,21,BUY
2940,2270,100.21,19,BUY
2943,2947,100.2,48,SELL
2943,2950,100.2,3,SELL
2945,2950,100.2,20,SELL
2951,2270,100.21,24,BUY
2951,2303,100.21,25,BUY
2953,2303,100.21,6,BUY
2954,2303,100.21,9,BUY
2954,2314,100.21,52,BUY
2954,2318,100.21,22,BUY
2957,2318,100.21,22,BUY
2957,2331,100.21,42,BUY
2957,2344,100.21,30,BUY
2957,2353,100.21,4,BUY
2963,2353,100.21,9,BUY
2945,2969,100.2,1,SELL
2897,2969,100.19,24,SELL
2897,2973,100.19,6,SELL
2914,2973,100.18,21,SELL
2975,2353,100.21,36,BUY
2975,2722,100.21,33,BUY
2975,2726,100.21,1,BUY
2914,2984,100.18,73,SELL
2968,2984,100.18,17,SELL
2968,2985,100.18,74,SELL
2976,2985,100.18,1,SELL
2987,2985,100.18,4,BUY
2987,2726,100.21,25,BUY
2993,2988,100.2,18,BUY
2993,2805,100.21,60,BUY
2991,3003,100.19,14,SELL
2991,3007,100.19,15,SELL
2991,3010,100.19,30,SELL
2808,3010,100.17,19,SELL
2808,3012,100.17,9,SELL
2825,3012,100.17,7,SELL
2825,3017,100.17,1,SELL
2825,3018,100.17,14,SELL
2850,3018,100.17,78,SELL
3021,3051,100.19,3,SELL
3021,3053,100.19,37,SELL
3049,3053,100.19,11,SELL
3049,3054,100.19,54,SELL
2850,3054,100.17,11,SELL
2907,3054,100.17,32,SELL
3058,3020,100.2,55,BUY
2907,3063,100.17,54,SELL
2916,3063,100.17,27,SELL
2916,3064,100.17,3,SELL
2960,3064,100.17,53,SELL
3065,3020,100.2,17,BUY
3065,3043,100.2,15,BUY
3070,3074,100.18,33,SELL
2960,3074,100.17,30,SELL
2960,3077,100.17,17,SELL
2936,3077,100.16,35,SELL
2936,3082,100.16,14,SELL
3086,3043,100.2,13,BUY
3090,3087,100.18,25,BUY
3090,3043,100.2,15,BUY
3090,3046,100.2,6,BUY
2936,3102,100.16,2,SELL
3103,3046,100.2,5,BUY
3103,2805,100.21,9,BUY
3103,2851,100.21,4,BUY
3105,2851,100.21,49,BUY
3106,2851,100.21,33,BUY
3121,2851,100.21,5,BUY
3125,2851,100.21,6,BUY
3125,2882,100.21,68,BUY
3104,3132,100.2,26,SELL
3135,2882,100.21,8,BUY
3135,2922,100.21,12,BUY
3135,2935,100.21,56,BUY
3137,2935,100.21,39,BUY
3137,2948,100.21,33,BUY
3104,3139,100.2,27,SELL
3143,2948,100.21,66,BUY
3104,3144,100.2,19,SELL
3104,3146,100.2,7,SELL
3107,3146,100.2,14,SELL
3147,2958,100.21,13,BUY
3149,2958,100.21,3,BUY
3150,2958,100.21,24,BUY
3150,2982,100.21,54,BUY
3151,2982,100.21,22,BUY
3151,3041,100.21,38,BUY
3151,3047,100.21,12,BUY
3107,3153,100.2,9,SELL
3107,3154,100.2,41,SELL
3119,3154,100.2,23,SELL
3156,3047,100.21,1,BUY
3156,3072,100.21,22,BUY
3119,3169,100.2,42,SELL
3126,3169,100.2,22,SELL
3131,3169,100.18,21,SELL
3170,3072,100.21,31,BUY
3170,3109,100.21,60,BUY
3131,3175,100.18,24,SELL
3131,3182,100.18,5,SELL
3166,3182,100.18,41,SELL
3171,3182,100.18,1,SELL
3113,3182,100.17,41,SELL
3152,3184,100.17,26,SELL
3165,3184,100.17,18,SELL
3165,3186,100.17,48,SELL
3178,3186,100.17,52,SELL
3187,3109,100.21,14,BUY
3178,3188,100.17,25,SELL
2936,3188,100.16,45,SELL
3016,3188,100.16,17,SELL
3016,3190,100.16,72,SELL
3016,3192,100.16,5,SELL
3023,3192,100.16,7,SELL
3136,3192,100.16,58,SELL
3161,3192,100.16,14,SELL
3161,3193,100.16,24,SELL
3161,3206,100.16,28,SELL
3205,3206,100.16,47,SELL
3219,3200,100.19,80,BUY
3219,3202,100.19,4,BUY
3221,3202,100.19,37,BUY
3221,3220,100.2,17,BUY
3227,3220,100.2,27,BUY
3227,3224,100.2,34,BUY
3227,3109,100.21,24,BUY
3227,3110,100.21,10,BUY
3212,3229,100.18,9,SELL
3217,3229,100.18,22,SELL
3217,3235,100.18,27,SELL
3236,3238,100.19,11,SELL
3236,3239,100.19,5,SELL
3236,3245,100.19,16,SELL
3236,3251,100.19,41,SELL
3217,3251,100.18,36,SELL
3217,3253,100.18,14,SELL
3205,3259,100.16,51,SELL
3237,3259,100.16,45,SELL
3237,3270,100.16,10,SELL
3263,3270,100.16,20,SELL
3263,3272,100.16,30,SELL
2842,3272,100.15,30,SELL
2843,3272,100.15,3,SELL
3275,3283,100.16,28,SELL
3275,3284,100.16,11,SELL
2843,3284,100.15,12,SELL
3289,3294,100.17,57,SELL
2843,3294,100.15,32,SELL
2843,3302,100.15,26,SELL
2843,3304,100.15,16,SELL
2863,3304,100.15,43,SELL
2877,3304,100.15,21,SELL
2877,3311,100.15,41,SELL
2891,3311,100.15,32,SELL
3319,3314,100.17,23,BUY
3319,3253,100.18,7,BUY
3319,3256,100.19,24,BUY
2891,3322,100.15,4,SELL
2905,3322,100.15,16,SELL
2905,3323,100.15,40,SELL
2905,3324,100.15,34,SELL
2908,3324,100.15,13,SELL
3325,3256,100.19,5,BUY
3325,3286,100.19,27,BUY
2908,3332,100.15,71,SELL
3116,3332,100.15,18,SELL
3333,3286,100.19,41,BUY
3336,3286,100.19,29,BUY
3336,3297,100.19,37,BUY
3336,3337,100.19,8,SELL
3116,3337,100.15,51,SELL
3138,3337,100.15,20,SELL
3346,3338,100.18,72,BUY
3346,3248,100.2,15,BUY
3347,3248,100.2,50,BUY
3348,3248,100.2,15,BUY
3348,3252,100.2,31,BUY
3348,3303,100.2,22,BUY
3160,3356,100.15,24,SELL
3357,3349,100.16,33,BUY
3357,3303,100.2,32,BUY
3357,3317,100.2,23,BUY
3358,3317,100.2,42,BUY
3358,3110,100.21,2,BUY
3358,3142,100.21,8,BUY
3363,3362,100.19,11,BUY
3363,3142,100.21,10,BUY
3363,3179,100.21,7,BUY
3372,3368,100.17,5,BUY
3382,3368,100.17,20,BUY
3388,3368,100.17,21,BUY
3393,3368,100.17,11,BUY
3396,3366,100.19,32,BUY
3396,3364,100.2,9,BUY
3401,3364,100.2,38,BUY
3403,3364,100.2,12,BUY
3403,3179,100.21,5,BUY
3403,3266,100.21,61,BUY
3403,3269,100.21,11,BUY
3408,3269,100.21,30,BUY
3408,3361,100.21,12,BUY
3415,3361,100.21,71,BUY
3415,3375,100.21,14,BUY
3417,3375,100.21,59,BUY
3417,558,100.22,30,BUY
3419,558,100.22,3,BUY
3424,558,100.22,34,BUY
3424,577,100.22,10,BUY
3423,3425,100.21,50,SELL
3418,3425,100.2,2,SELL
3418,3428,100.2,15,SELL
3432,3428,100.2,50,BUY
3434,3428,100.2,22,BUY
3434,577,100.22,29,BUY
3435,577,100.22,48,BUY
3435,578,100.22,20,BUY
3443,578,100.22,37,BUY
3447,578,100.22,31,BUY
3448,578,100.22,3,BUY
3448,627,100.22,23,BUY
3448,1103,100.22,14,BUY
3448,1176,100.22,8,BUY
3448,1192,100.22,10,BUY
3450,1192,100.22,10,BUY
3451,1192,100.22,26,BUY
3451,1217,100.22,29,BUY
3445,3456,100.2,68,SELL
3459,1217,100.22,26,BUY
3459,1337,100.22,22,BUY
3445,3460,100.2,30,SELL
3398,3460,100.19,8,SELL
3438,3460,100.19,21,SELL
3453,3460,100.19,2,SELL
3462,1337,100.22,49,BUY
3462,2160,100.22,40,BUY
3466,2160,100.22,8,BUY
3466,2171,100.22,11,BUY
3466,2173,100.22,12,BUY
3472,2173,100.22,20,BUY
3476,2173,100.22,41,BUY
3477,2173,100.22,5,BUY
3477,2221,100.22,63,BUY
3477,2250,100.22,7,BUY
3477,2308,100.22,7,BUY
3488,2308,100.22,4,BUY
3488,2336,100.22,27,BUY
3488,2358,100.22,55,BUY
3488,2362,100.22,6,BUY
3490,2362,100.22,5,BUY
3490,2426,100.22,19,BUY
3492,2426,100.22,21,BUY
3497,2426,100.22,13,BUY
3497,2489,100.22,69,BUY
3497,2565,100.22,15,BUY
3500,2565,100.22,61,BUY
3500,2571,100.22,13,BUY
3501,2571,100.22,46,BUY
3504,2571,100.22,1,BUY
3504,2635,100.22,6,BUY
3507,2635,100.22,76,BUY
3513,2635,100.22,18,BUY
3513,2651,100.22,33,BUY
3513,2652,100.22,2,BUY
3513,2677,100.22,33,BUY
3520,2677,100.22,7,BUY
3520,2702,100.22,12,BUY
3520,2835,100.22,11,BUY
3470,3521,100.21,36,SELL
3470,3525,100.21,21,SELL
3468,3525,100.2,20,SELL
3527,2835,100.22,30,BUY
3527,2854,100.22,50,BUY
3527,2880,100.22,15,BUY
3468,3534,100.2,58,SELL
3495,3534,100.2,7,SELL
3539,2880,100.22,9,BUY
3546,2880,100.22,30,BUY
3546,2900,100.22,19,BUY
3546,2962,100.22,35,BUY
3550,2962,100.22,54,BUY
3560,2962,100.22,3,BUY
3560,2995,100.22,27,BUY
3563,2995,100.22,11,BUY
3563,3013,100.22,4,BUY
3563,3030,100.22,5,BUY
3563,3036,100.22,21,BUY
3563,3038,100.22,34,BUY
3563,3044,100.22,4,BUY
3543,3565,100.21,24,SELL
3551,3565,100.21,25,SELL
3561,3565,100.21,37,SELL
3568,3044,100.22,3,BUY
3568,3045,100.22,45,BUY
3561,3584,100.21,16,SELL
3575,3584,100.21,42,SELL
3592,3045,100.22,27,BUY
3596,3045,100.22,13,BUY
3596,3075,100.22,77,BUY
3575,3600,100.21,49,SELL
3603,3600,100.21,7,BUY
3605,3600,100.21,19,BUY
3605,3075,100.22,5,BUY
3605,3089,100.22,67,BUY
3608,3089,100.22,17,BUY
3608,3092,100.22,21,BUY
3608,3100,100.22,14,BUY
3610,3100,100.22,17,BUY
3614,3100,100.22,25,BUY
3621,3100,100.22,44,BUY
3621,3108,100.22,2,BUY
3623,3108,100.22,48,BUY
3625,3108,100.22,9,BUY
3625,3134,100.22,43,BUY
3630,3134,100.22,28,BUY
3630,3155,100.22,40,BUY
3630,3180,100.22,14,BUY
3630,3208,100.22,1,BUY
3636,3208,100.22,12,BUY
3636,3209,100.22,47,BUY
3636,3226,100.22,2,BUY
3637,3226,100.22,13,BUY
3638,3226,100.22,62,BUY
3638,3258,100.22,10,BUY
3639,3258,100.22,37,BUY
3648,3258,100.22,4,BUY
3648,3326,100.22,62,BUY
3648,3331,100.22,7,BUY
3652,3331,100.22,33,BUY
3616,3653,100.21,43,SELL
3617,3653,100.21,48,SELL
3654,3331,100.22,5,BUY
3655,3331,100.22,16,BUY
3655,3339,100.22,36,BUY
3656,3339,100.22,24,BUY
3656,3359,100.22,8,BUY
3617,3657,100.21,31,SELL
3495,3657,100.2,3,SELL
3658,3359,100.22,8,BUY
3659,3359,100.22,63,BUY
3662,3359,100.22,1,BUY
3662,3491,100.22,66,BUY
3663,3491,100.22,10,BUY
3663,3660,100.22,12,BUY
3663,562,100.23,37,BUY
3668,562,100.23,15,BUY
3668,579,100.23,28,BUY
3670,579,100.23,23,BUY
3678,579,100.23,36,BUY
3678,1126,100.23,2,BUY
3683,1126,100.23,18,BUY
3684,1126,100.23,37,BUY
3684,1153,100.23,32,BUY
3687,1153,100.23,48,BUY
3688,1153,100.23,1,BUY
3688,2186,100.23,24,BUY
3695,2186,100.23,53,BUY
3695,2196,100.23,18,BUY
3698,2196,100.23,79,BUY
3698,2338,100.23,5,BUY
3698,2359,100.23,1,BUY
3701,2359,100.23,66,BUY
3701,2474,100.23,8,BUY
3702,2474,100.23,46,BUY
3703,2474,100.23,24,BUY
3703,2617,100.23,26,BUY
3709,2617,100.23,39,BUY
3712,2617,100.23,9,BUY
3712,2720,100.23,30,BUY
3712,2794,100.23,34,BUY
3715,2794,100.23,36,BUY
3716,2794,100.23,5,BUY
3716,2856,100.23,31,BUY
3716,2857,100.23,44,BUY
3718,2857,100.23,31,BUY
3728,2857,100.23,9,BUY
3728,2885,100.23,28,BUY
3729,2885,100.23,20,BUY
3729,2909,100.23,70,BUY
3729,2955,100.23,5,BUY
3730,2955,100.23,11,BUY
3731,2955,100.23,32,BUY
3731,3189,100.23,13,BUY
3734,3189,100.23,51,BUY
3736,3189,100.23,36,BUY
3736,3342,100.23,34,BUY
3738,3342,100.23,37,BUY
3739,3342,100.23,17,BUY
3739,3350,100.23,42,BUY
3742,3350,100.23,1,BUY
3742,3354,100.23,13,BUY
3744,3354,100.23,26,BUY
3744,3402,100.23,60,BUY
3745,3402,100.23,4,BUY
3745,3404,100.23,20,BUY
3746,3404,100.23,19,BUY
3749,3404,100.23,37,BUY
3713,3751,100.22,29,SELL
3705,3751,100.21,44,SELL
3752,3404,100.23,5,BUY
3752,3414,100.23,2,BUY
3757,3414,100.23,15,BUY
3761,3414,100.23,2,BUY
3705,3766,100.21,41,SELL
3735,3766,100.21,11,SELL
3768,3414,100.23,4,BUY
3769,3414,100.23,15,BUY
3775,3414,100.23,10,BUY
3775,3511,100.23,26,BUY
3776,3511,100.23,26,BUY
3783,3511,100.23,14,BUY
3783,3553,100.23,44,BUY
3783,3578,100.23,35,BUY
3785,3578,100.23,39,BUY
3785,3599,100.23,8,BUY
3785,3635,100.23,23,BUY
3771,3786,100.22,45,SELL
3735,3786,100.21,30,SELL
3787,3635,100.23,13,BUY
3788,3635,100.23,30,BUY
3788,3647,100.23,13,BUY
3789,3647,100.23,1,BUY
3791,3722,100.23,31,BUY
3791,3726,100.23,64,BUY
3794,3726,100.23,11,BUY
3794,1172,100.24,26,BUY
3794,1204,100.24,25,BUY
3797,1204,100.24,4,BUY
3797,2222,100.24,3,BUY
3805,2222,100.24,4,BUY
3805,2255,100.24,8,BUY
3803,3806,100.23,20,SELL
3796,3806,100.22,26,SELL
3801,3806,100.22,13,SELL
3808,2255,100.24,10,BUY
3808,2269,100.24,44,BUY
3808,2371,100.24,35,BUY
3808,2372,100.24,7,BUY
3809,2372,100.24,5,BUY
3814,2372,100.24,12,BUY
3815,2372,100.24,19,BUY
3817,2372,100.24,31,BUY
3817,2392,100.24,56,BUY
3820,2392,100.24,22,BUY
3820,2467,100.24,2,BUY
3820,2509,100.24,70,BUY
3821,2509,100.24,19,BUY
3821,2523,100.24,45,BUY
3821,2708,100.24,20,BUY
3825,2708,100.24,36,BUY
3825,2788,100.24,17,BUY
3825,2894,100.24,37,BUY
3833,2894,100.24,13,BUY
3835,2894,100.24,14,BUY
3839,2894,100.24,10,BUY
3839,2926,100.24,34,BUY
3839,2941,100.24,32,BUY
3844,2941,100.24,3,BUY
3844,2974,100.24,62,BUY
3844,2977,100.24,13,BUY
3849,2977,100.24,68,BUY
3852,2977,100.24,11,BUY
3852,2999,100.24,14,BUY
3852,3027,100.24,26,BUY
3852,3085,100.24,49,BUY
3855,3085,100.24,45,BUY
3855,3093,100.24,7,BUY
3856,3093,100.24,25,BUY
3858,3093,100.24,23,BUY
3865,3093,100.24,25,BUY
3865,3098,100.24,25,BUY
3865,3127,100.24,2,BUY
3865,3163,100.24,20,BUY
3827,3867,100.23,22,SELL
3859,3867,100.23,45,SELL
3873,3163,100.24,7,BUY
3876,3163,100.24,31,BUY
3877,3163,100.24,12,BUY
3877,3194,100.24,3,BUY
3878,3194,100.24,75,BUY
3878,3281,100.24,10,BUY
3879,3281,100.24,8,BUY
3879,3385,100.24,10,BUY
3881,3385,100.24,27,BUY
3881,3392,100.24,66,BUY
3882,3392,100.24,18,BUY
3882,3407,100.24,34,BUY
3884,3407,100.24,32,BUY
3884,3535,100.24,39,BUY
3888,3535,100.24,52,BUY
3888,3588,100.24,2,BUY
3889,3588,100.24,12,BUY
3890,3588,100.24,59,BUY
3890,3597,100.24,18,BUY
3890,565,100.25,21,BUY
3892,565,100.25,26,BUY
3892,567,100.25,46,BUY
3892,576,100.25,8,BUY
3896,576,100.25,33,BUY
3896,598,100.25,3,BUY
3898,598,100.25,11,BUY
3898,1140,100.25,37,BUY
3903,1140,100.25,5,BUY
3904,1140,100.25,15,BUY
3904,2286,100.25,27,BUY
3906,2286,100.25,28,BUY
3907,2286,100.25,5,BUY
3907,2313,100.25,79,BUY
3907,2316,100.25,10,BUY
3908,2316,100.25,32,BUY
3912,2316,100.25,23,BUY
3917,2316,100.25,31,BUY
3920,2347,100.25,31,BUY
3902,3921,100.24,83,SELL
3915,3921,100.24,12,SELL
3923,2347,100.25,30,BUY
3923,2348,100.25,11,BUY
3923,2377,100.25,43,BUY
3925,2377,100.25,17,BUY
3928,2377,100.25,7,BUY
3928,2428,100.25,67,BUY
3928,2483,100.25,26,BUY
3930,2483,100.25,71,BUY
3930,2562,100.25,6,BUY
3931,2562,100.25,28,BUY
3931,2620,100.25,10,BUY
3931,2690,100.25,5,BUY
3931,2712,100.25,46,BUY
3936,2712,100.25,45,BUY
3936,2716,100.25,6,BUY
3915,3937,100.24,15,SELL
3938,2716,100.25,48,BUY
3945,2718,100.25,6,BUY
3915,3946,100.24,21,SELL
3915,3955,100.24,36,SELL
3934,3955,100.24,4,SELL
3976,2718,100.25,68,BUY
3976,2815,100.25,17,BUY
3934,3977,100.24,24,SELL
3980,2815,100.25,39,BUY
3980,2822,100.25,31,BUY
3984,2822,100.25,8,BUY
3984,2855,100.25,9,BUY
3984,2873,100.25,26,BUY
3984,2889,100.25,36,BUY
3991,2889,100.25,60,BUY
3991,2892,100.25,3,BUY
3991,2918,100.25,10,BUY
3934,3992,100.24,3,SELL
3934,3994,100.24,25,SELL
4009,2918,100.25,9,BUY
4009,2930,100.25,24,BUY
4009,2961,100.25,35,BUY
3934,4010,100.24,14,SELL
3986,4010,100.24,39,SELL
3859,4010,100.23,2,SELL
3970,4010,100.23,3,SELL
4036,2961,100.25,42,BUY
4036,2964,100.25,15,BUY
4037,2964,100.25,22,BUY
4037,2992,100.25,37,BUY
4037,3123,100.25,25,BUY
4038,3123,100.25,26,BUY
4038,3222,100.25,27,BUY
4040,3222,100.25,34,BUY
4040,3234,100.25,30,BUY
4040,3242,100.25,5,BUY
4040,3360,100.25,16,BUY
4041,3360,100.25,9,BUY
4041,3399,100.25,19,BUY
4041,3518,100.25,25,BUY
4034,4051,100.24,4,SELL
3970,4062,100.23,75,SELL
3999,4062,100.23,25,SELL
3999,4067,100.23,49,SELL
4012,4067,100.23,45,SELL
4068,4051,100.24,34,BUY
4071,4051,100.24,20,BUY
4012,4073,100.23,9,SELL
4012,4088,100.23,19,SELL
4039,4088,100.23,5,SELL
4039,4089,100.23,39,SELL
4047,4089,100.23,44,SELL
4098,4051,100.24,17,BUY
4047,4100,100.23,22,SELL
3801,4100,100.22,32,SELL
3802,4100,100.22,8,SELL
3802,4101,100.22,60,SELL
3911,4101,100.22,19,SELL
3911,4104,100.22,40,SELL
3911,4111,100.22,18,SELL
3959,4111,100.22,2,SELL
3959,4116,100.22,42,SELL
3959,4117,100.22,10,SELL
3978,4117,100.22,13,SELL
4024,4117,100.22,42,SELL
4026,4117,100.22,25,SELL
4026,4118,100.22,9,SELL
4026,4129,100.22,29,SELL
4026,4139,100.22,33,SELL
4030,4139,100.22,46,SELL
4030,4147,100.22,11,SELL
4052,4147,100.22,33,SELL
4148,4051,100.24,19,BUY
4148,4064,100.24,16,BUY
4052,4149,100.22,8,SELL
3735,4156,100.21,40,SELL
3798,4156,100.21,28,SELL
3840,4156,100.21,2,SELL
3843,4156,100.21,14,SELL
3861,4156,100.21,16,SELL
4165,4161,100.22,33,BUY
4165,4164,100.22,46,BUY
4175,4164,100.22,14,BUY
4175,4064,100.24,6,BUY
4175,4065,100.24,32,BUY
4180,4176,100.22,89,BUY
4180,4065,100.24,5,BUY
3861,4183,100.21,32,SELL
3869,4183,100.21,38,SELL
3883,4183,100.21,5,SELL
3883,4184,100.21,19,SELL
3885,4184,100.21,6,SELL
3982,4184,100.21,1,SELL
3993,4184,100.21,38,SELL
3998,4184,100.21,16,SELL
3998,4188,100.21,19,SELL
3998,4189,100.21,28,SELL
4197,4186,100.23,10,BUY
4197,4199,100.23,60,SELL
3998,4199,100.21,8,SELL
4011,4199,100.21,1,SELL
4084,4199,100.21,15,SELL
4213,4065,100.24,12,BUY
4213,4109,100.24,8,BUY
4217,4109,100.24,68,BUY
4217,4110,100.24,6,BUY
4218,4110,100.24,62,BUY
4218,4134,100.24,8,BUY
4223,4134,100.24,6,BUY
4223,4146,100.24,82,BUY
4223,4162,100.24,10,BUY
4229,4162,100.24,28,BUY
4229,4187,100.24,11,BUY
4229,3518,100.25,19,BUY
4229,3649,100.25,16,BUY
4232,3649,100.25,14,BUY
4232,3790,100.25,56,BUY
4232,4090,100.25,28,BUY
4237,4090,100.25,21,BUY
4237,4093,100.25,77,BUY
4240,4239,100.23,7,BUY
4241,4239,100.23,52,BUY
4242,4239,100.23,25,BUY
4242,4093,100.25,9,BUY
4247,4093,100.25,6,BUY
4247,4097,100.25,10,BUY
4247,4107,100.25,17,BUY
4247,4154,100.25,13,BUY
4247,4231,100.25,35,BUY
4249,4231,100.25,39,BUY
4251,4231,100.25,14,BUY
4251,4234,100.25,16,BUY
4252,4234,100.25,5,BUY
4255,4234,100.25,33,BUY
4258,4234,100.25,23,BUY
4267,4234,100.25,15,BUY
4267,1168,100.26,15,BUY
4269,1168,100.26,44,BUY
4269,1202,100.26,29,BUY
4248,4270,100.24,68,SELL
4257,4270,100.24,18,SELL
4271,1202,100.26,20,BUY
4257,4276,100.24,24,SELL
4257,4279,100.24,28,SELL
4259,4279,100.24,66,SELL
4286,1202,100.26,15,BUY
4286,2200,100.26,31,BUY
4287,2200,100.26,1,BUY
4287,2215,100.26,88,BUY
4288,2215,100.26,5,BUY
4288,2231,100.26,72,BUY
4259,4289,100.24,22,SELL
4264,4289,100.23,38,SELL
4275,4289,100.23,21,SELL
4291,4296,100.24,43,SELL
4275,4296,100.23,39,SELL
4084,4296,100.21,13,SELL
4297,2231,100.26,22,BUY
4297,2247,100.26,4,BUY
4084,4301,100.21,64,SELL
4084,4307,100.21,4,SELL
4172,4307,100.21,18,SELL
4207,4307,100.21,2,SELL
4207,4311,100.21,21,SELL
4220,4311,100.21,42,SELL
4316,4305,100.25,3,BUY
4220,4322,100.21,10,SELL
4220,4326,100.21,8,SELL
4244,4326,100.21,58,SELL
4244,4327,100.21,42,SELL
3495,4327,100.2,43,SELL
3495,4329,100.2,37,SELL
3515,4329,100.2,40,SELL
3515,4330,100.2,7,SELL
3529,4330,100.2,90,SELL
3571,4330,100.2,1,SELL
3571,4334,100.2,29,SELL
3571,4342,100.2,31,SELL
3571,4344,100.2,9,SELL
3595,4344,100.2,5,SELL
3595,4346,100.2,43,SELL
3665,4346,100.2,25,SELL
3675,4346,100.2,17,SELL
3675,4347,100.2,10,SELL
3677,4347,100.2,47,SELL
3700,4347,100.2,29,SELL
4352,4317,100.22,57,BUY
3700,4356,100.2,19,SELL
3704,4356,100.2,6,SELL
3737,4356,100.2,24,SELL
3737,4357,100.2,69,SELL
3741,4357,100.2,16,SELL
3741,4358,100.2,33,SELL
3778,4358,100.2,48,SELL
3778,4359,100.2,23,SELL
3780,4359,100.2,12,SELL
3834,4359,100.2,17,SELL
3834,4361,100.2,13,SELL
3900,4361,100.2,41,SELL
3900,4362,100.2,8,SELL
3905,4362,100.2,31,SELL
3905,4367,100.2,4,SELL
3905,4369,100.2,43,SELL
3909,4369,100.2,42,SELL
3909,4372,100.2,2,SELL
3909,4376,100.2,12,SELL
3960,4376,100.2,2,SELL
3960,4379,100.2,33,SELL
3969,4379,100.2,25,SELL
3969,4380,100.2,68,SELL
3990,4380,100.2,28,SELL
3990,4381,100.2,49,SELL
4058,4381,100.2,6,SELL
4058,4382,100.2,63,SELL
4066,4384,100.2,51,SELL
4066,4390,100.2,25,SELL
4105,4390,100.2,47,SELL
4150,4390,100.2,12,SELL
4150,4391,100.2,3,SELL
4212,4391,100.2,16,SELL
4226,4391,100.2,38,SELL
4393,4363,100.21,4,BUY
4226,4396,100.2,48,SELL
4397,4363,100.21,16,BUY
4397,4375,100.21,13,BUY
4397,4377,100.21,17,BUY
4397,4317,100.22,41,BUY
4397,4323,100.22,1,BUY
4226,4400,100.2,7,SELL
4235,4400,100.2,52,SELL
4235,4401,100.2,5,SELL
4253,4401,100.2,27,SELL
3453,4401,100.19,3,SELL
3453,4402,100.19,35,SELL
3454,4402,100.19,28,SELL
3458,4402,100.19,9,SELL
3458,4408,100.19,48,SELL
3458,4410,100.19,35,SELL
3478,4410,100.19,3,SELL
3554,4410,100.19,17,SELL
3569,4410,100.19,8,SELL
3569,4411,100.19,42,SELL
3581,4411,100.19,5,SELL
3640,4411,100.19,14,SELL
4412,4323,100.22,85,BUY
4412,4328,100.22,11,BUY
3640,4414,100.19,10,SELL
3666,4414,100.19,1,SELL
3666,4421,100.19,38,SELL
3691,4421,100.19,31,SELL
3711,4421,100.19,12,SELL
3711,4422,100.19,47,SELL
3758,4422,100.19,31,SELL
3758,4423,100.19,3,SELL
3758,4424,100.19,16,SELL
3758,4425,100.19,18,SELL
3774,4425,100.19,2,SELL
3774,4426,100.19,42,SELL
3918,4426,100.19,13,SELL
3918,4427,100.19,56,SELL
3918,4428,100.19,17,SELL
3927,4428,100.19,77,SELL
4429,4419,100.21,52,BUY
4429,4328,100.22,17,BUY
3927,4434,100.19,1,SELL
3950,4434,100.19,21,SELL
3951,4434,100.19,7,SELL
3951,4438,100.19,35,SELL
3951,4442,100.19,12,SELL
4005,4442,100.19,14,SELL
4005,4443,100.19,41,SELL
4445,4435,100.2,28,BUY
4446,4435,100.2,34,BUY
4446,4441,100.2,50,BUY
4005,4451,100.19,22,SELL
4005,4452,100.19,18,SELL
4056,4452,100.19,1,SELL
4057,4452,100.19,38,SELL
4057,4453,100.19,38,SELL
4057,4459,100.19,17,SELL
4086,4459,100.19,10,SELL
4460,4441,100.2,10,BUY
4460,4431,100.21,21,BUY
4463,4431,100.21,52,BUY
4463,4456,100.21,26,BUY
4086,4465,100.19,1,SELL
4086,4468,100.19,8,SELL
4106,4468,100.19,31,SELL
4106,4471,100.19,43,SELL
4106,4472,100.19,21,SELL
4145,4472,100.19,62,SELL
4203,4472,100.19,2,SELL
4203,4473,100.19,83,SELL
4203,4475,100.19,6,SELL
4210,4479,100.19,25,SELL
4233,4479,100.19,44,SELL
4233,4483,100.19,1,SELL
4260,4483,100.19,47,SELL
4281,4483,100.19,40,SELL
4281,4484,100.19,29,SELL
4281,4487,100.19,11,SELL
4290,4487,100.19,34,SELL
4290,4489,100.19,63,SELL
3467,4489,100.18,2,SELL
3467,4490,100.18,28,SELL
3486,4490,100.18,8,SELL
3486,4494,100.18,66,SELL
3486,4495,100.18,3,SELL
3506,4495,100.18,14,SELL
3537,4495,100.18,10,SELL
3549,4495,100.18,52,SELL
3549,4497,100.18,33,SELL
3693,4497,100.18,43,SELL
3901,4497,100.18,4,SELL
3944,4497,100.18,3,SELL
4500,4496,100.19,74,BUY
4500,4474,100.2,1,BUY
3944,4506,100.18,12,SELL
3972,4506,100.18,56,SELL
4507,4505,100.19,27,BUY
3972,4509,100.18,4,SELL
3981,4509,100.18,35,SELL
4018,4509,100.18,30,SELL
4018,4511,100.18,25,SELL
4125,4511,100.18,18,SELL
4125,4512,100.18,18,SELL
4236,4512,100.18,23,SELL
4236,4513,100.18,37,SELL
4236,4522,100.18,13,SELL
4387,4522,100.18,20,SELL
4387,4525,100.18,12,SELL
4404,4525,100.18,11,SELL
4454,4525,100.18,51,SELL
4454,4527,100.18,7,SELL
3393,4527,100.17,21,SELL
3412,4527,100.17,27,SELL
3412,4533,100.17,65,SELL
3481,4533,100.17,30,SELL
3481,4534,100.17,1,SELL
3481,4538,100.17,20,SELL
3481,4539,100.17,22,SELL
3481,4540,100.17,9,SELL
3510,4540,100.17,25,SELL
3519,4540,100.17,1,SELL
3574,4540,100.17,12,SELL
3574,4541,100.17,1,SELL
3585,4541,100.17,38,SELL
3606,4541,100.17,34,SELL
3606,4542,100.17,9,SELL
3673,4542,100.17,48,SELL
3673,4543,100.17,29,SELL
3723,4543,100.17,8,SELL
3947,4543,100.17,23,SELL
3947,4545,100.17,62,SELL
3947,4546,100.17,5,SELL
3975,4546,100.17,61,SELL
4547,4537,100.18,40,BUY
3985,4548,100.17,52,SELL
3985,4550,100.17,39,SELL
4192,4550,100.17,11,SELL
4552,4537,100.18,29,BUY
4552,4505,100.19,11,BUY
4192,4557,100.17,2,SELL
4195,4557,100.17,12,SELL
4195,4558,100.17,61,SELL
4195,4559,100.17,27,SELL
4206,4559,100.17,50,SELL
4206,4560,100.17,42,SELL
4206,4565,100.17,2,SELL
4261,4565,100.17,18,SELL
4272,4565,100.17,58,SELL
4277,4565,100.17,4,SELL
4277,4566,100.17,13,SELL
4285,4566,100.17,7,SELL
4294,4566,100.17,76,SELL
4570,4505,100.19,49,BUY
4570,4474,100.2,51,BUY
4294,4571,100.17,22,SELL
4309,4571,100.17,8,SELL
4324,4571,100.17,69,SELL
4324,4572,100.17,20,SELL
4338,4572,100.17,44,SELL
4383,4572,100.17,4,SELL
4383,4573,100.17,74,SELL
4420,4573,100.17,11,SELL
4420,4574,100.17,11,SELL
4420,4575,100.17,12,SELL
4439,4575,100.17,51,SELL
3376,4575,100.16,2,SELL
3376,4576,100.16,43,SELL
3376,4578,100.16,8,SELL
3397,4578,100.16,6,SELL
3397,4579,100.16,7,SELL
3464,4579,100.16,41,SELL
3464,4580,100.16,8,SELL
3475,4580,100.16,1,SELL
3502,4580,100.16,62,SELL
3502,4582,100.16,24,SELL
3516,4582,100.16,27,SELL
3611,4582,100.16,17,SELL
3619,4582,100.16,16,SELL
3619,4584,100.16,2,SELL
3619,4585,100.16,28,SELL
3627,4585,100.16,34,SELL
3627,4591,100.16,56,SELL
3645,4591,100.16,24,SELL
3645,4592,100.16,29,SELL
4063,4592,100.16,32,SELL
4063,4594,100.16,12,SELL
4081,4594,100.16,69,SELL
4092,4594,100.16,8,SELL
4092,4596,100.16,26,SELL
4136,4596,100.16,1,SELL
4136,4597,100.16,41,SELL
4205,4597,100.16,27,SELL
4205,4600,100.16,4,SELL
4205,4603,100.16,5,SELL
4214,4603,100.16,64,SELL
4214,4606,100.16,27,SELL
4477,4606,100.16,24,SELL
4477,4607,100.16,30,SELL
4477,4610,100.16,3,SELL
3160,4610,100.15,32,SELL
3160,4611,100.15,40,SELL
3185,4611,100.15,25,SELL
3185,4612,100.15,43,SELL
3185,4613,100.15,4,SELL
3215,4613,100.15,68,SELL
3215,4614,100.15,32,SELL
3278,4614,100.15,17,SELL
3278,4615,100.15,5,SELL
3279,4615,100.15,65,SELL
3279,4616,100.15,2,SELL
3309,4616,100.15,59,SELL
3309,4617,100.15,1,SELL
3309,4618,100.15,11,SELL
3309,4623,100.15,3,SELL
3390,4623,100.15,37,SELL
3390,4626,100.15,18,SELL
3433,4626,100.15,20,SELL
3433,4627,100.15,38,SELL
3439,4627,100.15,9,SELL
3439,4629,100.15,38,SELL
3452,4629,100.15,1,SELL
3452,4631,100.15,7,SELL
3580,4631,100.15,10,SELL
3587,4631,100.15,4,SELL
3587,4632,100.15,3,SELL
3598,4632,100.15,1,SELL
3598,4635,100.15,17,SELL
3598,4636,100.15,4,SELL
3598,4638,100.15,33,SELL
3604,4638,100.15,67,SELL
3604,4640,100.15,18,SELL
4006,4640,100.15,79,SELL
4048,4640,100.15,2,SELL
4048,4642,100.15,51,SELL
4050,4642,100.15,28,SELL
4050,4643,100.15,48,SELL
4082,4643,100.15,41,SELL
4082,4645,100.15,5,SELL
4095,4645,100.15,12,SELL
4095,4646,100.15,44,SELL
4151,4646,100.15,39,SELL
4151,4649,100.15,4,SELL
4151,4651,100.15,36,SELL
4174,4651,100.15,1,SELL
4174,4653,100.15,5,SELL
4174,4655,100.15,12,SELL
4174,4656,100.15,2,SELL
4174,4657,100.15,2,SELL
4302,4657,100.15,35,SELL
4320,4657,100.15,2,SELL
4320,4660,100.15,80,SELL
4320,4661,100.15,12,SELL
4320,4664,100.15,2,SELL
4325,4664,100.15,3,SELL
4325,4666,100.15,7,SELL
4325,4667,100.15,11,SELL
4325,4668,100.15,15,SELL
4325,4671,100.15,61,SELL
4325,4674,100.15,1,SELL
4432,4674,100.15,11,SELL
4432,4675,100.15,25,SELL
4432,4678,100.15,8,SELL
4432,4680,100.15,10,SELL
2797,4680,100.14,22,SELL
2797,4682,100.14,32,SELL
2844,4682,100.14,45,SELL
2872,4682,100.14,3,SELL
2872,4683,100.14,24,SELL
2872,4684,100.14,4,SELL
2912,4684,100.14,27,SELL
2920,4684,100.14,57,SELL
2920,4686,100.14,28,SELL
2920,4687,100.14,10,SELL
2921,4687,100.14,35,SELL
2931,4687,100.14,6,SELL
2939,4687,100.14,21,SELL
2939,4695,100.14,5,SELL
3052,4695,100.14,48,SELL
3145,4695,100.14,17,SELL
3145,4696,100.14,1,SELL
3213,4696,100.14,47,SELL
3250,4696,100.14,6,SELL
3250,4700,100.14,16,SELL
3265,4700,100.14,48,SELL
3265,4701,100.14,14,SELL
3298,4701,100.14,22,SELL
3298,4703,100.14,8,SELL
3369,4703,100.14,12,SELL
3369,4704,100.14,49,SELL
3369,4707,100.14,25,SELL
3369,4708,100.14,4,SELL
3371,4708,100.14,5,SELL
3371,4710,100.14,48,SELL
3421,4710,100.14,13,SELL
3421,4711,100.14,9,SELL
3431,4711,100.14,34,SELL
3431,4712,100.14,15,SELL
3461,4712,100.14,24,SELL
3465,4712,100.14,57,SELL
4715,4474,100.2,12,BUY
4715,4499,100.2,40,BUY
4715,4501,100.2,44,BUY
3465,4717,100.14,34,SELL
3484,4717,100.14,37,SELL
3484,4718,100.14,54,SELL
3485,4718,100.14,38,SELL
3485,4720,100.14,17,SELL
3496,4720,100.14,41,SELL
3496,4722,100.14,36,SELL
3538,4722,100.14,46,SELL
3538,4724,100.14,24,SELL
3609,4724,100.14,61,SELL
3609,4725,100.14,12,SELL
4004,4725,100.14,42,SELL
4004,4726,100.14,2,SELL
4076,4726,100.14,31,SELL
4138,4726,100.14,11,SELL
4138,4727,100.14,40,SELL
4141,4727,100.14,9,SELL
4171,4727,100.14,11,SELL
4171,4728,100.14,1,SELL
4171,4729,100.14,52,SELL
4171,4732,100.14,23,SELL
4173,4732,100.14,8,SELL
4173,4733,100.14,6,SELL
4193,4733,100.14,1,SELL
4209,4733,100.14,30,SELL
2700,4733,100.13,22,SELL
2700,4735,100.13,49,SELL
2820,4735,100.13,16,SELL
2867,4735,100.13,13,SELL
2869,4735,100.13,19,SELL
2869,4736,100.13,33,SELL
2884,4736,100.13,20,SELL
2884,4737,100.13,9,SELL
2886,4737,100.13,19,SELL
2886,4745,100.13,20,SELL
2888,4745,100.13,24,SELL
2888,4748,100.13,8,SELL
2925,4748,100.13,42,SELL
2927,4748,100.13,20,SELL
2949,4748,100.13,28,SELL
2949,4752,100.13,24,SELL
2959,4752,100.13,65,SELL
2972,4752,100.13,5,SELL
2972,4753,100.13,16,SELL
3006,4753,100.13,19,SELL
3006,4755,100.13,27,SELL
3006,4756,100.13,38,SELL
3029,4756,100.13,26,SELL
4757,4501,100.2,40,BUY
4757,4456,100.21,16,BUY
4757,4462,100.21,13,BUY
3029,4758,100.13,18,SELL
3029,4760,100.13,1,SELL
3029,4761,100.13,27,SELL
3029,4762,100.13,17,SELL
3031,4762,100.13,46,SELL
3040,4762,100.13,3,SELL
3040,4763,100.13,47,SELL
3040,4765,100.13,38,SELL
3056,4765,100.13,24,SELL
3056,4768,100.13,50,SELL
3059,4768,100.13,6,SELL
3059,4769,100.13,55,SELL
3059,4773,100.13,4,SELL
3080,4773,100.13,43,SELL
3080,4777,100.13,1,SELL
4780,4462,100.21,78,BUY
3080,4784,100.13,55,SELL
3114,4784,100.13,31,SELL
3114,4787,100.13,8,SELL
3120,4787,100.13,67,SELL
3120,4792,100.13,18,SELL
3129,4792,100.13,59,SELL
3140,4792,100.13,5,SELL
3140,4793,100.13,54,SELL
3140,4795,100.13,15,SELL
3148,4795,100.13,2,SELL
3148,4798,100.13,7,SELL
3158,4798,100.13,50,SELL
3158,4800,100.13,6,SELL
3158,4801,100.13,38,SELL
3196,4801,100.13,40,SELL
3196,4802,100.13,34,SELL
3233,4802,100.13,34,SELL
3233,4809,100.13,6,SELL
3233,4814,100.13,39,SELL
3260,4814,100.13,38,SELL
3260,4816,100.13,29,SELL
3260,4817,100.13,10,SELL
3260,4818,100.13,20,SELL
3271,4818,100.13,13,SELL
3277,4818,100.13,58,SELL
3277,4819,100.13,3,SELL
3277,4820,100.13,15,SELL
3287,4820,100.13,14,SELL
3287,4822,100.13,28,SELL
3287,4823,100.13,41,SELL
3301,4823,100.13,31,SELL
3301,4825,100.13,61,SELL
3394,4825,100.13,32,SELL
3394,4826,100.13,10,SELL
3394,4828,100.13,1,SELL
3591,4828,100.13,42,SELL
4185,4828,100.13,48,SELL
4185,4829,100.13,1,SELL
4196,4829,100.13,23,SELL
4196,4830,100.13,8,SELL
4196,4831,100.13,58,SELL
4371,4831,100.13,19,SELL
4371,4832,100.13,3,SELL
4371,4833,100.13,7,SELL
4371,4835,100.13,38,SELL
4457,4835,100.13,3,SELL
4530,4835,100.13,27,SELL
2675,4835,100.12,31,SELL
2675,4836,100.12,35,SELL
2680,4836,100.12,55,SELL
2680,4839,100.12,5,SELL
2680,4841,100.12,24,SELL
2704,4841,100.12,1,SELL
2847,4841,100.12,29,SELL
2871,4841,100.12,30,SELL
2871,4842,100.12,14,SELL
2903,4842,100.12,1,SELL
2910,4842,100.12,71,SELL
2910,4843,100.12,26,SELL
2980,4843,100.12,30,SELL
2980,4844,100.12,45,SELL
2996,4844,100.12,7,SELL
2996,4845,100.12,51,SELL
2996,4846,100.12,27,SELL
3025,4846,100.12,46,SELL
3057,4846,100.12,14,SELL
3057,4847,100.12,50,SELL
3057,4853,100.12,10,SELL
3168,4853,100.12,78,SELL
3214,4853,100.12,8,SELL
3214,4856,100.12,54,SELL
3244,4856,100.12,40,SELL
3244,4859,100.12,20,SELL
3247,4859,100.12,59,SELL
3262,4859,100.12,10,SELL
3280,4859,100.12,4,SELL
3280,4860,100.12,4,SELL
3280,4862,100.12,6,SELL
3280,4864,100.12,6,SELL
3280,4867,100.12,69,SELL
3280,4870,100.12,6,SELL
3512,4870,100.12,27,SELL
3512,4871,100.12,2,SELL
4198,4871,100.12,19,SELL
4198,4873,100.12,31,SELL
4293,4873,100.12,27,SELL
4293,4874,100.12,68,SELL
4308,4874,100.12,20,SELL
4308,4876,100.12,13,SELL
4331,4876,100.12,62,SELL
4337,4876,100.12,17,SELL
4877,4462,100.21,8,BUY
4877,4328,100.22,33,BUY
4877,4335,100.23,41,BUY
4337,4881,100.12,39,SELL
4341,4881,100.12,58,SELL
4341,4883,100.12,35,SELL
4350,4883,100.12,4,SELL
4355,4883,100.12,22,SELL
4378,4883,100.12,20,SELL
4378,4885,100.12,17,SELL
4378,4888,100.12,6,SELL
4378,4889,100.12,16,SELL
4398,4889,100.12,12,SELL
4398,4891,100.12,2,SELL
4398,4892,100.12,20,SELL
4398,4893,100.12,6,SELL
4413,4893,100.12,43,SELL
4455,4893,100.12,26,SELL
4455,4894,100.12,30,SELL
4514,4894,100.12,32,SELL
4553,4894,100.12,10,SELL
4553,4896,100.12,56,SELL
4553,4897,100.12,5,SELL
4898,4335,100.23,26,BUY
4553,4899,100.12,4,SELL
2478,4899,100.11,64,SELL
2494,4899,100.11,7,SELL
2494,4901,100.11,40,SELL
2494,4902,100.11,13,SELL
2494,4903,100.11,39,SELL
2868,4903,100.11,32,SELL
2906,4903,100.11,10,SELL
2906,4905,100.11,38,SELL
3181,4905,100.11,6,SELL
3254,4905,100.11,7,SELL
3254,4907,100.11,39,SELL
3274,4907,100.11,61,SELL
3274,4915,100.11,20,SELL
3291,4915,100.11,3,SELL
3307,4915,100.11,21,SELL
3307,4919,100.11,1,SELL
3315,4919,100.11,5,SELL
3316,4919,100.11,40,SELL
3343,4919,100.11,1,SELL
3343,4920,100.11,57,SELL
3351,4920,100.11,20,SELL
4115,4920,100.11,3,SELL
4115,4922,100.11,58,SELL
4143,4922,100.11,23,SELL
4179,4924,100.11,23,SELL
4200,4924,100.11,31,SELL
4200,4926,100.11,36,SELL
4200,4931,100.11,12,SELL
4340,4931,100.11,21,SELL
4340,4933,100.11,44,SELL
4343,4933,100.11,39,SELL
4343,4936,100.11,10,SELL
4365,4936,100.11,65,SELL
4365,4939,100.11,4,SELL
4366,4939,100.11,34,SELL
4368,4939,100.11,3,SELL
4368,4946,100.11,11,SELL
4373,4946,100.11,50,SELL
4373,4954,100.11,7,SELL
4406,4954,100.11,57,SELL
4406,4957,100.11,5,SELL
4407,4957,100.11,50,SELL
4415,4957,100.11,33,SELL
4415,4958,100.11,21,SELL
4436,4958,100.11,9,SELL
4436,4961,100.11,16,SELL
4436,4964,100.11,71,SELL
4436,4965,100.11,3,SELL
4461,4965,100.11,23,SELL
4461,4967,100.11,47,SELL
4461,4969,100.11,12,SELL
2457,4969,100.1,20,SELL
2457,4971,100.1,24,SELL
2457,4976,100.1,42,SELL
2890,4976,100.1,16,SELL
2971,4976,100.1,22,SELL
2990,4976,100.1,9,SELL
3001,4976,100.1,2,SELL
3001,4978,100.1,69,SELL
3015,4978,100.1,13,SELL
3015,4980,100.1,17,SELL
3015,4981,100.1,24,SELL
3015,4984,100.1,15,SELL
3130,4984,100.1,12,SELL
3157,4984,100.1,4,SELL
3159,4984,100.1,3,SELL
3159,4985,100.1,8,SELL
3162,4985,100.1,20,SELL
3167,4985,100.1,70,SELL
3167,4986,100.1,1,SELL
3176,4986,100.1,55,SELL
3177,4986,100.1,39,SELL
3177,4992,100.1,11,SELL
3207,4992,100.1,80,SELL
3207,4995,100.1,16,SELL
3216,4995,100.1,44,SELL
3216,4997,100.1,47,SELL
3240,4998,100.1,36,SELL
3273,4998,100.1,22,SELL
